<?xml version="1.0" encoding="UTF-8"?>
<OAI-PMH xmlns="http://www.openarchives.org/OAI/2.0/" xmlns:xsi="http://www.w3.org/2001/XMLSchema-instance" xsi:schemaLocation="http://www.openarchives.org/OAI/2.0/ http://www.openarchives.org/OAI/2.0/OAI-PMH.xsd">
  <ListRecords>
    <record>
      <header>
        <identifier>aleph-publish:000958271</identifier>
      </header>
      <metadata>
        <record xmlns="http://www.ddb.de/professionell/mabxml/mabxml-1.xsd">
          <leader>------M2.01200024------h</leader>
          <controlfield tag="LDR">------M2.01200024------h</controlfield>
          <controlfield tag="FMT">MH</controlfield>
          <datafield tag="001" ind1="-" ind2="1">
            <subfield code="a">HT014122101</subfield>
          </datafield>
          <datafield tag="002" ind1="a" ind2="1">
            <subfield code="a">20040910</subfield>
          </datafield>
          <datafield tag="003" ind1="-" ind2="1">
            <subfield code="a">20160115</subfield>
          </datafield>
          <datafield tag="026" ind1="-" ind2="1">
            <subfield code="a">HBZHT014122101</subfield>
          </datafield>
          <controlfield tag="030">a|1uc||||||17</controlfield>
          <datafield tag="036" ind1="a" ind2="1">
            <subfield code="a">DE</subfield>
          </datafield>
          <datafield tag="037" ind1="b" ind2="1">
            <subfield code="a">ger</subfield>
          </datafield>
          <controlfield tag="050">a|||||||||||||</controlfield>
          <controlfield tag="051">s|||||||</controlfield>
          <datafield tag="070" ind1="-" ind2="1">
            <subfield code="a">Bm 3</subfield>
          </datafield>
          <datafield tag="070" ind1="b" ind2="1">
            <subfield code="a">61</subfield>
          </datafield>
          <datafield tag="078" ind1="n" ind2="1">
            <subfield code="a">NWBib-61</subfield>
          </datafield>
          <datafield tag="080" ind1="-" ind2="1">
            <subfield code="a">60</subfield>
          </datafield>
          <datafield tag="100" ind1="-" ind2="1">
            <subfield code="p">Hilger, Susanne</subfield>
            <subfield code="d">1965-</subfield>
            <subfield code="9">(DE-588)121962016</subfield>
          </datafield>
          <datafield tag="331" ind1="-" ind2="1">
            <subfield code="a">"Amerikanisierung" deutscher Unternehmen</subfield>
          </datafield>
          <datafield tag="335" ind1="-" ind2="1">
            <subfield code="a">Wettbewerbsstrategien und Unternehmenspolitik bei Henkel, Siemens und Daimler-Benz (1945/49 - 1975)</subfield>
          </datafield>
          <datafield tag="359" ind1="-" ind2="1">
            <subfield code="a">Susanne Hilger</subfield>
          </datafield>
          <datafield tag="410" ind1="-" ind2="1">
            <subfield code="a">Wiesbaden</subfield>
          </datafield>
          <datafield tag="412" ind1="-" ind2="1">
            <subfield code="a">Steiner</subfield>
          </datafield>
          <datafield tag="425" ind1="a" ind2="1">
            <subfield code="a">2004</subfield>
          </datafield>
          <datafield tag="433" ind1="-" ind2="1">
            <subfield code="a">314 S. : Ill., graph. Darst.</subfield>
          </datafield>
          <datafield tag="451" ind1="-" ind2="1">
            <subfield code="a">Vierteljahrschrift für Sozial- und Wirtschaftsgeschichte : Beihefte ; 173</subfield>
          </datafield>
          <datafield tag="453" ind1="-" ind2="1">
            <subfield code="a">HT001245335</subfield>
          </datafield>
          <datafield tag="455" ind1="-" ind2="1">
            <subfield code="a">173</subfield>
          </datafield>
          <datafield tag="456" ind1="-" ind2="1">
            <subfield code="a">173</subfield>
          </datafield>
          <datafield tag="540" ind1="a" ind2="1">
            <subfield code="a">3-515-08283-2</subfield>
          </datafield>
          <datafield tag="700" ind1="n" ind2="1">
            <subfield code="a">99</subfield>
            <subfield code="b">Düsseldorf</subfield>
          </datafield>
          <datafield tag="700" ind1="n" ind2="1">
            <subfield code="a">547460</subfield>
          </datafield>
          <datafield tag="902" ind1="-" ind2="1">
            <subfield code="g">Deutschland</subfield>
            <subfield code="h">Bundesrepublik</subfield>
            <subfield code="9">(DE-588)4011889-7</subfield>
          </datafield>
          <datafield tag="902" ind1="-" ind2="1">
            <subfield code="k">Henkel &amp; Cie</subfield>
            <subfield code="9">(DE-588)42875-9</subfield>
          </datafield>
          <datafield tag="902" ind1="-" ind2="1">
            <subfield code="s">Unternehmenspolitik</subfield>
            <subfield code="9">(DE-588)4078610-9</subfield>
          </datafield>
          <datafield tag="902" ind1="-" ind2="1">
            <subfield code="s">Amerikanisierung</subfield>
            <subfield code="9">(DE-588)4221615-1</subfield>
          </datafield>
          <datafield tag="902" ind1="-" ind2="1">
            <subfield code="z">Geschichte 1945-1975</subfield>
          </datafield>
          <datafield tag="903" ind1="-" ind2="1">
            <subfield code="a">23451</subfield>
            <subfield code="a">34251</subfield>
            <subfield code="a">43251</subfield>
          </datafield>
          <datafield tag="907" ind1="-" ind2="1">
            <subfield code="g">Deutschland</subfield>
            <subfield code="h">Bundesrepublik</subfield>
            <subfield code="9">(DE-588)4011889-7</subfield>
          </datafield>
          <datafield tag="907" ind1="-" ind2="1">
            <subfield code="k">Siemens Aktiengesellschaft</subfield>
            <subfield code="9">(DE-588)2114358-4</subfield>
          </datafield>
          <datafield tag="907" ind1="-" ind2="1">
            <subfield code="s">Unternehmenspolitik</subfield>
            <subfield code="9">(DE-588)4078610-9</subfield>
          </datafield>
          <datafield tag="907" ind1="-" ind2="1">
            <subfield code="s">Amerikanisierung</subfield>
            <subfield code="9">(DE-588)4221615-1</subfield>
          </datafield>
          <datafield tag="907" ind1="-" ind2="1">
            <subfield code="z">Geschichte 1945-1975</subfield>
          </datafield>
          <datafield tag="908" ind1="-" ind2="1">
            <subfield code="a">23451</subfield>
            <subfield code="a">34251</subfield>
            <subfield code="a">43251</subfield>
          </datafield>
          <datafield tag="912" ind1="-" ind2="1">
            <subfield code="g">Deutschland</subfield>
            <subfield code="h">Bundesrepublik</subfield>
            <subfield code="9">(DE-588)4011889-7</subfield>
          </datafield>
          <datafield tag="912" ind1="-" ind2="1">
            <subfield code="k">DaimlerChrysler AG</subfield>
            <subfield code="9">(DE-588)2178010-9</subfield>
          </datafield>
          <datafield tag="912" ind1="-" ind2="1">
            <subfield code="s">Unternehmenspolitik</subfield>
            <subfield code="9">(DE-588)4078610-9</subfield>
          </datafield>
          <datafield tag="912" ind1="-" ind2="1">
            <subfield code="s">Amerikanisierung</subfield>
            <subfield code="9">(DE-588)4221615-1</subfield>
          </datafield>
          <datafield tag="912" ind1="-" ind2="1">
            <subfield code="z">Geschichte 1945-1975</subfield>
          </datafield>
          <datafield tag="913" ind1="-" ind2="1">
            <subfield code="a">23451</subfield>
            <subfield code="a">34251</subfield>
            <subfield code="a">43251</subfield>
          </datafield>
          <controlfield tag="SYS">000958271</controlfield>
          <datafield tag="PSW" ind1="-" ind2="1">
            <subfield code="g">República Federal da Alemanha</subfield>
            <subfield code="h">Deutschland, Bundesrepublik</subfield>
            <subfield code="9">(DE-588)4011889-7</subfield>
          </datafield>
          <datafield tag="PSW" ind1="-" ind2="1">
            <subfield code="g">Bondsrepubliek Duitsland</subfield>
            <subfield code="h">Deutschland, Bundesrepublik</subfield>
            <subfield code="9">(DE-588)4011889-7</subfield>
          </datafield>
          <datafield tag="PSW" ind1="-" ind2="1">
            <subfield code="g">Németországi Szövetségi Kőztársaság</subfield>
            <subfield code="h">Deutschland, Bundesrepublik</subfield>
            <subfield code="9">(DE-588)4011889-7</subfield>
          </datafield>
          <datafield tag="PSW" ind1="-" ind2="1">
            <subfield code="g">Almāniyā</subfield>
            <subfield code="h">Deutschland, Bundesrepublik</subfield>
            <subfield code="9">(DE-588)4011889-7</subfield>
          </datafield>
          <datafield tag="PSW" ind1="-" ind2="1">
            <subfield code="g">BRD</subfield>
            <subfield code="9">(DE-588)4011889-7</subfield>
          </datafield>
          <datafield tag="PSW" ind1="-" ind2="1">
            <subfield code="g">República Federal de Alemania</subfield>
            <subfield code="h">Deutschland, Bundesrepublik</subfield>
            <subfield code="9">(DE-588)4011889-7</subfield>
          </datafield>
          <datafield tag="PSW" ind1="-" ind2="1">
            <subfield code="g">Alemania</subfield>
            <subfield code="h">Deutschland, Bundesrepublik</subfield>
            <subfield code="9">(DE-588)4011889-7</subfield>
          </datafield>
          <datafield tag="PSW" ind1="-" ind2="1">
            <subfield code="g">Allemagne</subfield>
            <subfield code="h">Deutschland, Bundesrepublik</subfield>
            <subfield code="9">(DE-588)4011889-7</subfield>
          </datafield>
          <datafield tag="PSW" ind1="-" ind2="1">
            <subfield code="g">Federal Republic of Germany</subfield>
            <subfield code="h">Deutschland, Bundesrepublik</subfield>
            <subfield code="9">(DE-588)4011889-7</subfield>
          </datafield>
          <datafield tag="PSW" ind1="-" ind2="1">
            <subfield code="g">FRG</subfield>
            <subfield code="9">(DE-588)4011889-7</subfield>
          </datafield>
          <datafield tag="PSW" ind1="-" ind2="1">
            <subfield code="g">Republic of Germany</subfield>
            <subfield code="h">Deutschland, Bundesrepublik</subfield>
            <subfield code="9">(DE-588)4011889-7</subfield>
          </datafield>
          <datafield tag="PSW" ind1="-" ind2="1">
            <subfield code="g">République Fédérale d'Allemagne</subfield>
            <subfield code="h">Deutschland, Bundesrepublik</subfield>
            <subfield code="9">(DE-588)4011889-7</subfield>
          </datafield>
          <datafield tag="PSW" ind1="-" ind2="1">
            <subfield code="g">Republik Federasi Djerman</subfield>
            <subfield code="h">Deutschland, Bundesrepublik</subfield>
            <subfield code="9">(DE-588)4011889-7</subfield>
          </datafield>
          <datafield tag="PSW" ind1="-" ind2="1">
            <subfield code="g">Republika Federalna Niemiec</subfield>
            <subfield code="h">Deutschland, Bundesrepublik</subfield>
            <subfield code="9">(DE-588)4011889-7</subfield>
          </datafield>
          <datafield tag="PSW" ind1="-" ind2="1">
            <subfield code="g">RFN</subfield>
            <subfield code="9">(DE-588)4011889-7</subfield>
          </datafield>
          <datafield tag="PSW" ind1="-" ind2="1">
            <subfield code="g">Niemiecka Republika Federalna Niemiecka Republika Federalna</subfield>
            <subfield code="9">(DE-588)4011889-7</subfield>
          </datafield>
          <datafield tag="PSW" ind1="-" ind2="1">
            <subfield code="g">NRF</subfield>
            <subfield code="9">(DE-588)4011889-7</subfield>
          </datafield>
          <datafield tag="PSW" ind1="-" ind2="1">
            <subfield code="g">Almanija</subfield>
            <subfield code="h">Deutschland, Bundesrepublik</subfield>
            <subfield code="9">(DE-588)4011889-7</subfield>
          </datafield>
          <datafield tag="PSW" ind1="-" ind2="1">
            <subfield code="g">Alemanha</subfield>
            <subfield code="h">Deutschland, Bundesrepublik</subfield>
            <subfield code="9">(DE-588)4011889-7</subfield>
          </datafield>
          <datafield tag="PSW" ind1="-" ind2="1">
            <subfield code="g">Repubblica Federale di Germania</subfield>
            <subfield code="h">Deutschland, Bundesrepublik</subfield>
            <subfield code="9">(DE-588)4011889-7</subfield>
          </datafield>
          <datafield tag="PSW" ind1="-" ind2="1">
            <subfield code="g">Saksan Liittotasavalta</subfield>
            <subfield code="h">Deutschland, Bundesrepublik</subfield>
            <subfield code="9">(DE-588)4011889-7</subfield>
          </datafield>
          <datafield tag="PSW" ind1="-" ind2="1">
            <subfield code="g">Germany</subfield>
            <subfield code="h">Deutschland, Bundesrepublik</subfield>
            <subfield code="9">(DE-588)4011889-7</subfield>
          </datafield>
          <datafield tag="PSW" ind1="-" ind2="1">
            <subfield code="g">Deutschland</subfield>
            <subfield code="h">1949-1990, Bundesrepublik</subfield>
            <subfield code="9">(DE-588)4011889-7</subfield>
          </datafield>
          <datafield tag="PSW" ind1="-" ind2="1">
            <subfield code="g">Förbundsrepublikken Tyskland</subfield>
            <subfield code="h">Deutschland, Bundesrepublik</subfield>
            <subfield code="9">(DE-588)4011889-7</subfield>
          </datafield>
          <datafield tag="PSW" ind1="-" ind2="1">
            <subfield code="g">Bundesrepublik Deutschland</subfield>
            <subfield code="h">1949-1990</subfield>
            <subfield code="9">(DE-588)4011889-7</subfield>
          </datafield>
          <datafield tag="PSW" ind1="-" ind2="1">
            <subfield code="g">Westdeutschland</subfield>
            <subfield code="h">Bundesrepublik, 1949-1990</subfield>
            <subfield code="9">(DE-588)4011889-7</subfield>
          </datafield>
          <datafield tag="PSW" ind1="-" ind2="1">
            <subfield code="g">BRD</subfield>
            <subfield code="h">1949-1990</subfield>
            <subfield code="9">(DE-588)4011889-7</subfield>
          </datafield>
          <datafield tag="PSW" ind1="-" ind2="1">
            <subfield code="g">Deutschland</subfield>
            <subfield code="x">Bundesrepublik</subfield>
            <subfield code="h">1949-1990</subfield>
            <subfield code="9">(DE-588)4011889-7</subfield>
          </datafield>
          <datafield tag="PSW" ind1="-" ind2="1">
            <subfield code="g">Förbundsrepubliken Tyskland</subfield>
            <subfield code="h">Deutschland, Bundesrepublik</subfield>
            <subfield code="9">(DE-588)4011889-7</subfield>
          </datafield>
          <datafield tag="PSW" ind1="-" ind2="1">
            <subfield code="g">República Federal da Alemanha</subfield>
            <subfield code="h">Deutschland, Bundesrepublik</subfield>
            <subfield code="9">(DE-588)4011889-7</subfield>
          </datafield>
          <datafield tag="PSW" ind1="-" ind2="1">
            <subfield code="g">Bondsrepubliek Duitsland</subfield>
            <subfield code="h">Deutschland, Bundesrepublik</subfield>
            <subfield code="9">(DE-588)4011889-7</subfield>
          </datafield>
          <datafield tag="PSW" ind1="-" ind2="1">
            <subfield code="g">Németországi Szövetségi Kőztársaság</subfield>
            <subfield code="h">Deutschland, Bundesrepublik</subfield>
            <subfield code="9">(DE-588)4011889-7</subfield>
          </datafield>
          <datafield tag="PSW" ind1="-" ind2="1">
            <subfield code="g">Almāniyā</subfield>
            <subfield code="h">Deutschland, Bundesrepublik</subfield>
            <subfield code="9">(DE-588)4011889-7</subfield>
          </datafield>
          <datafield tag="PSW" ind1="-" ind2="1">
            <subfield code="g">BRD</subfield>
            <subfield code="9">(DE-588)4011889-7</subfield>
          </datafield>
          <datafield tag="PSW" ind1="-" ind2="1">
            <subfield code="g">República Federal de Alemania</subfield>
            <subfield code="h">Deutschland, Bundesrepublik</subfield>
            <subfield code="9">(DE-588)4011889-7</subfield>
          </datafield>
          <datafield tag="PSW" ind1="-" ind2="1">
            <subfield code="g">Alemania</subfield>
            <subfield code="h">Deutschland, Bundesrepublik</subfield>
            <subfield code="9">(DE-588)4011889-7</subfield>
          </datafield>
          <datafield tag="PSW" ind1="-" ind2="1">
            <subfield code="g">Allemagne</subfield>
            <subfield code="h">Deutschland, Bundesrepublik</subfield>
            <subfield code="9">(DE-588)4011889-7</subfield>
          </datafield>
          <datafield tag="PSW" ind1="-" ind2="1">
            <subfield code="g">Federal Republic of Germany</subfield>
            <subfield code="h">Deutschland, Bundesrepublik</subfield>
            <subfield code="9">(DE-588)4011889-7</subfield>
          </datafield>
          <datafield tag="PSW" ind1="-" ind2="1">
            <subfield code="g">FRG</subfield>
            <subfield code="9">(DE-588)4011889-7</subfield>
          </datafield>
          <datafield tag="PSW" ind1="-" ind2="1">
            <subfield code="g">Republic of Germany</subfield>
            <subfield code="h">Deutschland, Bundesrepublik</subfield>
            <subfield code="9">(DE-588)4011889-7</subfield>
          </datafield>
          <datafield tag="PSW" ind1="-" ind2="1">
            <subfield code="g">République Fédérale d'Allemagne</subfield>
            <subfield code="h">Deutschland, Bundesrepublik</subfield>
            <subfield code="9">(DE-588)4011889-7</subfield>
          </datafield>
          <datafield tag="PSW" ind1="-" ind2="1">
            <subfield code="g">Republik Federasi Djerman</subfield>
            <subfield code="h">Deutschland, Bundesrepublik</subfield>
            <subfield code="9">(DE-588)4011889-7</subfield>
          </datafield>
          <datafield tag="PSW" ind1="-" ind2="1">
            <subfield code="g">Republika Federalna Niemiec</subfield>
            <subfield code="h">Deutschland, Bundesrepublik</subfield>
            <subfield code="9">(DE-588)4011889-7</subfield>
          </datafield>
          <datafield tag="PSW" ind1="-" ind2="1">
            <subfield code="g">RFN</subfield>
            <subfield code="9">(DE-588)4011889-7</subfield>
          </datafield>
          <datafield tag="PSW" ind1="-" ind2="1">
            <subfield code="g">Niemiecka Republika Federalna Niemiecka Republika Federalna</subfield>
            <subfield code="9">(DE-588)4011889-7</subfield>
          </datafield>
          <datafield tag="PSW" ind1="-" ind2="1">
            <subfield code="g">NRF</subfield>
            <subfield code="9">(DE-588)4011889-7</subfield>
          </datafield>
          <datafield tag="PSW" ind1="-" ind2="1">
            <subfield code="g">Almanija</subfield>
            <subfield code="h">Deutschland, Bundesrepublik</subfield>
            <subfield code="9">(DE-588)4011889-7</subfield>
          </datafield>
          <datafield tag="PSW" ind1="-" ind2="1">
            <subfield code="g">Alemanha</subfield>
            <subfield code="h">Deutschland, Bundesrepublik</subfield>
            <subfield code="9">(DE-588)4011889-7</subfield>
          </datafield>
          <datafield tag="PSW" ind1="-" ind2="1">
            <subfield code="g">Repubblica Federale di Germania</subfield>
            <subfield code="h">Deutschland, Bundesrepublik</subfield>
            <subfield code="9">(DE-588)4011889-7</subfield>
          </datafield>
          <datafield tag="PSW" ind1="-" ind2="1">
            <subfield code="g">Saksan Liittotasavalta</subfield>
            <subfield code="h">Deutschland, Bundesrepublik</subfield>
            <subfield code="9">(DE-588)4011889-7</subfield>
          </datafield>
          <datafield tag="PSW" ind1="-" ind2="1">
            <subfield code="g">Germany</subfield>
            <subfield code="h">Deutschland, Bundesrepublik</subfield>
            <subfield code="9">(DE-588)4011889-7</subfield>
          </datafield>
          <datafield tag="PSW" ind1="-" ind2="1">
            <subfield code="g">Deutschland</subfield>
            <subfield code="h">1949-1990, Bundesrepublik</subfield>
            <subfield code="9">(DE-588)4011889-7</subfield>
          </datafield>
          <datafield tag="PSW" ind1="-" ind2="1">
            <subfield code="g">Förbundsrepublikken Tyskland</subfield>
            <subfield code="h">Deutschland, Bundesrepublik</subfield>
            <subfield code="9">(DE-588)4011889-7</subfield>
          </datafield>
          <datafield tag="PSW" ind1="-" ind2="1">
            <subfield code="g">Bundesrepublik Deutschland</subfield>
            <subfield code="h">1949-1990</subfield>
            <subfield code="9">(DE-588)4011889-7</subfield>
          </datafield>
          <datafield tag="PSW" ind1="-" ind2="1">
            <subfield code="g">Westdeutschland</subfield>
            <subfield code="h">Bundesrepublik, 1949-1990</subfield>
            <subfield code="9">(DE-588)4011889-7</subfield>
          </datafield>
          <datafield tag="PSW" ind1="-" ind2="1">
            <subfield code="g">BRD</subfield>
            <subfield code="h">1949-1990</subfield>
            <subfield code="9">(DE-588)4011889-7</subfield>
          </datafield>
          <datafield tag="PSW" ind1="-" ind2="1">
            <subfield code="g">Deutschland</subfield>
            <subfield code="x">Bundesrepublik</subfield>
            <subfield code="h">1949-1990</subfield>
            <subfield code="9">(DE-588)4011889-7</subfield>
          </datafield>
          <datafield tag="PSW" ind1="-" ind2="1">
            <subfield code="g">Förbundsrepubliken Tyskland</subfield>
            <subfield code="h">Deutschland, Bundesrepublik</subfield>
            <subfield code="9">(DE-588)4011889-7</subfield>
          </datafield>
          <datafield tag="PSW" ind1="-" ind2="1">
            <subfield code="g">República Federal da Alemanha</subfield>
            <subfield code="h">Deutschland, Bundesrepublik</subfield>
            <subfield code="9">(DE-588)4011889-7</subfield>
          </datafield>
          <datafield tag="PSW" ind1="-" ind2="1">
            <subfield code="g">Bondsrepubliek Duitsland</subfield>
            <subfield code="h">Deutschland, Bundesrepublik</subfield>
            <subfield code="9">(DE-588)4011889-7</subfield>
          </datafield>
          <datafield tag="PSW" ind1="-" ind2="1">
            <subfield code="g">Németországi Szövetségi Kőztársaság</subfield>
            <subfield code="h">Deutschland, Bundesrepublik</subfield>
            <subfield code="9">(DE-588)4011889-7</subfield>
          </datafield>
          <datafield tag="PSW" ind1="-" ind2="1">
            <subfield code="g">Almāniyā</subfield>
            <subfield code="h">Deutschland, Bundesrepublik</subfield>
            <subfield code="9">(DE-588)4011889-7</subfield>
          </datafield>
          <datafield tag="PSW" ind1="-" ind2="1">
            <subfield code="g">BRD</subfield>
            <subfield code="9">(DE-588)4011889-7</subfield>
          </datafield>
          <datafield tag="PSW" ind1="-" ind2="1">
            <subfield code="g">República Federal de Alemania</subfield>
            <subfield code="h">Deutschland, Bundesrepublik</subfield>
            <subfield code="9">(DE-588)4011889-7</subfield>
          </datafield>
          <datafield tag="PSW" ind1="-" ind2="1">
            <subfield code="g">Alemania</subfield>
            <subfield code="h">Deutschland, Bundesrepublik</subfield>
            <subfield code="9">(DE-588)4011889-7</subfield>
          </datafield>
          <datafield tag="PSW" ind1="-" ind2="1">
            <subfield code="g">Allemagne</subfield>
            <subfield code="h">Deutschland, Bundesrepublik</subfield>
            <subfield code="9">(DE-588)4011889-7</subfield>
          </datafield>
          <datafield tag="PSW" ind1="-" ind2="1">
            <subfield code="g">Federal Republic of Germany</subfield>
            <subfield code="h">Deutschland, Bundesrepublik</subfield>
            <subfield code="9">(DE-588)4011889-7</subfield>
          </datafield>
          <datafield tag="PSW" ind1="-" ind2="1">
            <subfield code="g">FRG</subfield>
            <subfield code="9">(DE-588)4011889-7</subfield>
          </datafield>
          <datafield tag="PSW" ind1="-" ind2="1">
            <subfield code="g">Republic of Germany</subfield>
            <subfield code="h">Deutschland, Bundesrepublik</subfield>
            <subfield code="9">(DE-588)4011889-7</subfield>
          </datafield>
          <datafield tag="PSW" ind1="-" ind2="1">
            <subfield code="g">République Fédérale d'Allemagne</subfield>
            <subfield code="h">Deutschland, Bundesrepublik</subfield>
            <subfield code="9">(DE-588)4011889-7</subfield>
          </datafield>
          <datafield tag="PSW" ind1="-" ind2="1">
            <subfield code="g">Republik Federasi Djerman</subfield>
            <subfield code="h">Deutschland, Bundesrepublik</subfield>
            <subfield code="9">(DE-588)4011889-7</subfield>
          </datafield>
          <datafield tag="PSW" ind1="-" ind2="1">
            <subfield code="g">Republika Federalna Niemiec</subfield>
            <subfield code="h">Deutschland, Bundesrepublik</subfield>
            <subfield code="9">(DE-588)4011889-7</subfield>
          </datafield>
          <datafield tag="PSW" ind1="-" ind2="1">
            <subfield code="g">RFN</subfield>
            <subfield code="9">(DE-588)4011889-7</subfield>
          </datafield>
          <datafield tag="PSW" ind1="-" ind2="1">
            <subfield code="g">Niemiecka Republika Federalna Niemiecka Republika Federalna</subfield>
            <subfield code="9">(DE-588)4011889-7</subfield>
          </datafield>
          <datafield tag="PSW" ind1="-" ind2="1">
            <subfield code="g">NRF</subfield>
            <subfield code="9">(DE-588)4011889-7</subfield>
          </datafield>
          <datafield tag="PSW" ind1="-" ind2="1">
            <subfield code="g">Almanija</subfield>
            <subfield code="h">Deutschland, Bundesrepublik</subfield>
            <subfield code="9">(DE-588)4011889-7</subfield>
          </datafield>
          <datafield tag="PSW" ind1="-" ind2="1">
            <subfield code="g">Alemanha</subfield>
            <subfield code="h">Deutschland, Bundesrepublik</subfield>
            <subfield code="9">(DE-588)4011889-7</subfield>
          </datafield>
          <datafield tag="PSW" ind1="-" ind2="1">
            <subfield code="g">Repubblica Federale di Germania</subfield>
            <subfield code="h">Deutschland, Bundesrepublik</subfield>
            <subfield code="9">(DE-588)4011889-7</subfield>
          </datafield>
          <datafield tag="PSW" ind1="-" ind2="1">
            <subfield code="g">Saksan Liittotasavalta</subfield>
            <subfield code="h">Deutschland, Bundesrepublik</subfield>
            <subfield code="9">(DE-588)4011889-7</subfield>
          </datafield>
          <datafield tag="PSW" ind1="-" ind2="1">
            <subfield code="g">Germany</subfield>
            <subfield code="h">Deutschland, Bundesrepublik</subfield>
            <subfield code="9">(DE-588)4011889-7</subfield>
          </datafield>
          <datafield tag="PSW" ind1="-" ind2="1">
            <subfield code="g">Deutschland</subfield>
            <subfield code="h">1949-1990, Bundesrepublik</subfield>
            <subfield code="9">(DE-588)4011889-7</subfield>
          </datafield>
          <datafield tag="PSW" ind1="-" ind2="1">
            <subfield code="g">Förbundsrepublikken Tyskland</subfield>
            <subfield code="h">Deutschland, Bundesrepublik</subfield>
            <subfield code="9">(DE-588)4011889-7</subfield>
          </datafield>
          <datafield tag="PSW" ind1="-" ind2="1">
            <subfield code="g">Bundesrepublik Deutschland</subfield>
            <subfield code="h">1949-1990</subfield>
            <subfield code="9">(DE-588)4011889-7</subfield>
          </datafield>
          <datafield tag="PSW" ind1="-" ind2="1">
            <subfield code="g">Westdeutschland</subfield>
            <subfield code="h">Bundesrepublik, 1949-1990</subfield>
            <subfield code="9">(DE-588)4011889-7</subfield>
          </datafield>
          <datafield tag="PSW" ind1="-" ind2="1">
            <subfield code="g">BRD</subfield>
            <subfield code="h">1949-1990</subfield>
            <subfield code="9">(DE-588)4011889-7</subfield>
          </datafield>
          <datafield tag="PSW" ind1="-" ind2="1">
            <subfield code="g">Deutschland</subfield>
            <subfield code="x">Bundesrepublik</subfield>
            <subfield code="h">1949-1990</subfield>
            <subfield code="9">(DE-588)4011889-7</subfield>
          </datafield>
          <datafield tag="PSW" ind1="-" ind2="1">
            <subfield code="g">Förbundsrepubliken Tyskland</subfield>
            <subfield code="h">Deutschland, Bundesrepublik</subfield>
            <subfield code="9">(DE-588)4011889-7</subfield>
          </datafield>
          <datafield tag="PSW" ind1="-" ind2="1">
            <subfield code="g">República Federal da Alemanha</subfield>
            <subfield code="h">Deutschland, Bundesrepublik</subfield>
            <subfield code="9">(DE-588)4011889-7</subfield>
          </datafield>
          <datafield tag="PSW" ind1="-" ind2="1">
            <subfield code="g">Bondsrepubliek Duitsland</subfield>
            <subfield code="h">Deutschland, Bundesrepublik</subfield>
            <subfield code="9">(DE-588)4011889-7</subfield>
          </datafield>
          <datafield tag="PSW" ind1="-" ind2="1">
            <subfield code="g">Németországi Szövetségi Kőztársaság</subfield>
            <subfield code="h">Deutschland, Bundesrepublik</subfield>
            <subfield code="9">(DE-588)4011889-7</subfield>
          </datafield>
          <datafield tag="PSW" ind1="-" ind2="1">
            <subfield code="g">Almāniyā</subfield>
            <subfield code="h">Deutschland, Bundesrepublik</subfield>
            <subfield code="9">(DE-588)4011889-7</subfield>
          </datafield>
          <datafield tag="PSW" ind1="-" ind2="1">
            <subfield code="g">BRD</subfield>
            <subfield code="9">(DE-588)4011889-7</subfield>
          </datafield>
          <datafield tag="PSW" ind1="-" ind2="1">
            <subfield code="g">República Federal de Alemania</subfield>
            <subfield code="h">Deutschland, Bundesrepublik</subfield>
            <subfield code="9">(DE-588)4011889-7</subfield>
          </datafield>
          <datafield tag="PSW" ind1="-" ind2="1">
            <subfield code="g">Alemania</subfield>
            <subfield code="h">Deutschland, Bundesrepublik</subfield>
            <subfield code="9">(DE-588)4011889-7</subfield>
          </datafield>
          <datafield tag="PSW" ind1="-" ind2="1">
            <subfield code="g">Allemagne</subfield>
            <subfield code="h">Deutschland, Bundesrepublik</subfield>
            <subfield code="9">(DE-588)4011889-7</subfield>
          </datafield>
          <datafield tag="PSW" ind1="-" ind2="1">
            <subfield code="g">Federal Republic of Germany</subfield>
            <subfield code="h">Deutschland, Bundesrepublik</subfield>
            <subfield code="9">(DE-588)4011889-7</subfield>
          </datafield>
          <datafield tag="PSW" ind1="-" ind2="1">
            <subfield code="g">FRG</subfield>
            <subfield code="9">(DE-588)4011889-7</subfield>
          </datafield>
          <datafield tag="PSW" ind1="-" ind2="1">
            <subfield code="g">Republic of Germany</subfield>
            <subfield code="h">Deutschland, Bundesrepublik</subfield>
            <subfield code="9">(DE-588)4011889-7</subfield>
          </datafield>
          <datafield tag="PSW" ind1="-" ind2="1">
            <subfield code="g">République Fédérale d'Allemagne</subfield>
            <subfield code="h">Deutschland, Bundesrepublik</subfield>
            <subfield code="9">(DE-588)4011889-7</subfield>
          </datafield>
          <datafield tag="PSW" ind1="-" ind2="1">
            <subfield code="g">Republik Federasi Djerman</subfield>
            <subfield code="h">Deutschland, Bundesrepublik</subfield>
            <subfield code="9">(DE-588)4011889-7</subfield>
          </datafield>
          <datafield tag="PSW" ind1="-" ind2="1">
            <subfield code="g">Republika Federalna Niemiec</subfield>
            <subfield code="h">Deutschland, Bundesrepublik</subfield>
            <subfield code="9">(DE-588)4011889-7</subfield>
          </datafield>
          <datafield tag="PSW" ind1="-" ind2="1">
            <subfield code="g">RFN</subfield>
            <subfield code="9">(DE-588)4011889-7</subfield>
          </datafield>
          <datafield tag="PSW" ind1="-" ind2="1">
            <subfield code="g">Niemiecka Republika Federalna Niemiecka Republika Federalna</subfield>
            <subfield code="9">(DE-588)4011889-7</subfield>
          </datafield>
          <datafield tag="PSW" ind1="-" ind2="1">
            <subfield code="g">NRF</subfield>
            <subfield code="9">(DE-588)4011889-7</subfield>
          </datafield>
          <datafield tag="PSW" ind1="-" ind2="1">
            <subfield code="g">Almanija</subfield>
            <subfield code="h">Deutschland, Bundesrepublik</subfield>
            <subfield code="9">(DE-588)4011889-7</subfield>
          </datafield>
          <datafield tag="PSW" ind1="-" ind2="1">
            <subfield code="g">Alemanha</subfield>
            <subfield code="h">Deutschland, Bundesrepublik</subfield>
            <subfield code="9">(DE-588)4011889-7</subfield>
          </datafield>
          <datafield tag="PSW" ind1="-" ind2="1">
            <subfield code="g">Repubblica Federale di Germania</subfield>
            <subfield code="h">Deutschland, Bundesrepublik</subfield>
            <subfield code="9">(DE-588)4011889-7</subfield>
          </datafield>
          <datafield tag="PSW" ind1="-" ind2="1">
            <subfield code="g">Saksan Liittotasavalta</subfield>
            <subfield code="h">Deutschland, Bundesrepublik</subfield>
            <subfield code="9">(DE-588)4011889-7</subfield>
          </datafield>
          <datafield tag="PSW" ind1="-" ind2="1">
            <subfield code="g">Germany</subfield>
            <subfield code="h">Deutschland, Bundesrepublik</subfield>
            <subfield code="9">(DE-588)4011889-7</subfield>
          </datafield>
          <datafield tag="PSW" ind1="-" ind2="1">
            <subfield code="g">Deutschland</subfield>
            <subfield code="h">1949-1990, Bundesrepublik</subfield>
            <subfield code="9">(DE-588)4011889-7</subfield>
          </datafield>
          <datafield tag="PSW" ind1="-" ind2="1">
            <subfield code="g">Förbundsrepublikken Tyskland</subfield>
            <subfield code="h">Deutschland, Bundesrepublik</subfield>
            <subfield code="9">(DE-588)4011889-7</subfield>
          </datafield>
          <datafield tag="PSW" ind1="-" ind2="1">
            <subfield code="g">Bundesrepublik Deutschland</subfield>
            <subfield code="h">1949-1990</subfield>
            <subfield code="9">(DE-588)4011889-7</subfield>
          </datafield>
          <datafield tag="PSW" ind1="-" ind2="1">
            <subfield code="g">Westdeutschland</subfield>
            <subfield code="h">Bundesrepublik, 1949-1990</subfield>
            <subfield code="9">(DE-588)4011889-7</subfield>
          </datafield>
          <datafield tag="PSW" ind1="-" ind2="1">
            <subfield code="g">BRD</subfield>
            <subfield code="h">1949-1990</subfield>
            <subfield code="9">(DE-588)4011889-7</subfield>
          </datafield>
          <datafield tag="PSW" ind1="-" ind2="1">
            <subfield code="g">Deutschland</subfield>
            <subfield code="x">Bundesrepublik</subfield>
            <subfield code="h">1949-1990</subfield>
            <subfield code="9">(DE-588)4011889-7</subfield>
          </datafield>
          <datafield tag="PSW" ind1="-" ind2="1">
            <subfield code="g">Förbundsrepubliken Tyskland</subfield>
            <subfield code="h">Deutschland, Bundesrepublik</subfield>
            <subfield code="9">(DE-588)4011889-7</subfield>
          </datafield>
          <datafield tag="PSW" ind1="-" ind2="1">
            <subfield code="k">Daimler Chrysler AG</subfield>
            <subfield code="9">(DE-588)2178010-9</subfield>
          </datafield>
          <datafield tag="PSW" ind1="-" ind2="1">
            <subfield code="k">DaimlerChrysler-Konzernzentrale</subfield>
            <subfield code="9">(DE-588)2178010-9</subfield>
          </datafield>
          <datafield tag="PSW" ind1="-" ind2="1">
            <subfield code="k">Daimler Chrysler AG</subfield>
            <subfield code="9">(DE-588)2178010-9</subfield>
          </datafield>
          <datafield tag="PSW" ind1="-" ind2="1">
            <subfield code="k">DaimlerChrysler-Konzernzentrale</subfield>
            <subfield code="9">(DE-588)2178010-9</subfield>
          </datafield>
          <datafield tag="PSW" ind1="-" ind2="1">
            <subfield code="k">Daimler Chrysler AG</subfield>
            <subfield code="9">(DE-588)2178010-9</subfield>
          </datafield>
          <datafield tag="PSW" ind1="-" ind2="1">
            <subfield code="k">DaimlerChrysler-Konzernzentrale</subfield>
            <subfield code="9">(DE-588)2178010-9</subfield>
          </datafield>
          <datafield tag="PSW" ind1="-" ind2="1">
            <subfield code="k">Daimler Chrysler AG</subfield>
            <subfield code="9">(DE-588)2178010-9</subfield>
          </datafield>
          <datafield tag="PSW" ind1="-" ind2="1">
            <subfield code="k">DaimlerChrysler-Konzernzentrale</subfield>
            <subfield code="9">(DE-588)2178010-9</subfield>
          </datafield>
          <datafield tag="PSW" ind1="-" ind2="1">
            <subfield code="s">Betriebspolitik</subfield>
            <subfield code="9">(DE-588)4078610-9</subfield>
          </datafield>
          <datafield tag="PSW" ind1="-" ind2="1">
            <subfield code="s">Betriebswirtschaftspolitik</subfield>
            <subfield code="9">(DE-588)4078610-9</subfield>
          </datafield>
          <datafield tag="PSW" ind1="-" ind2="1">
            <subfield code="s">Geschäftspolitik</subfield>
            <subfield code="9">(DE-588)4078610-9</subfield>
          </datafield>
          <datafield tag="PSW" ind1="-" ind2="1">
            <subfield code="g">República Federal da Alemanha</subfield>
            <subfield code="h">Deutschland, Bundesrepublik</subfield>
            <subfield code="9">(DE-588)4011889-7</subfield>
          </datafield>
          <datafield tag="PSW" ind1="-" ind2="1">
            <subfield code="g">Bondsrepubliek Duitsland</subfield>
            <subfield code="h">Deutschland, Bundesrepublik</subfield>
            <subfield code="9">(DE-588)4011889-7</subfield>
          </datafield>
          <datafield tag="PSW" ind1="-" ind2="1">
            <subfield code="g">Németországi Szövetségi Kőztársaság</subfield>
            <subfield code="h">Deutschland, Bundesrepublik</subfield>
            <subfield code="9">(DE-588)4011889-7</subfield>
          </datafield>
          <datafield tag="PSW" ind1="-" ind2="1">
            <subfield code="g">Almāniyā</subfield>
            <subfield code="h">Deutschland, Bundesrepublik</subfield>
            <subfield code="9">(DE-588)4011889-7</subfield>
          </datafield>
          <datafield tag="PSW" ind1="-" ind2="1">
            <subfield code="g">BRD</subfield>
            <subfield code="9">(DE-588)4011889-7</subfield>
          </datafield>
          <datafield tag="PSW" ind1="-" ind2="1">
            <subfield code="g">República Federal de Alemania</subfield>
            <subfield code="h">Deutschland, Bundesrepublik</subfield>
            <subfield code="9">(DE-588)4011889-7</subfield>
          </datafield>
          <datafield tag="PSW" ind1="-" ind2="1">
            <subfield code="g">Alemania</subfield>
            <subfield code="h">Deutschland, Bundesrepublik</subfield>
            <subfield code="9">(DE-588)4011889-7</subfield>
          </datafield>
          <datafield tag="PSW" ind1="-" ind2="1">
            <subfield code="g">Allemagne</subfield>
            <subfield code="h">Deutschland, Bundesrepublik</subfield>
            <subfield code="9">(DE-588)4011889-7</subfield>
          </datafield>
          <datafield tag="PSW" ind1="-" ind2="1">
            <subfield code="g">Federal Republic of Germany</subfield>
            <subfield code="h">Deutschland, Bundesrepublik</subfield>
            <subfield code="9">(DE-588)4011889-7</subfield>
          </datafield>
          <datafield tag="PSW" ind1="-" ind2="1">
            <subfield code="g">FRG</subfield>
            <subfield code="9">(DE-588)4011889-7</subfield>
          </datafield>
          <datafield tag="PSW" ind1="-" ind2="1">
            <subfield code="g">Republic of Germany</subfield>
            <subfield code="h">Deutschland, Bundesrepublik</subfield>
            <subfield code="9">(DE-588)4011889-7</subfield>
          </datafield>
          <datafield tag="PSW" ind1="-" ind2="1">
            <subfield code="g">République Fédérale d'Allemagne</subfield>
            <subfield code="h">Deutschland, Bundesrepublik</subfield>
            <subfield code="9">(DE-588)4011889-7</subfield>
          </datafield>
          <datafield tag="PSW" ind1="-" ind2="1">
            <subfield code="g">Republik Federasi Djerman</subfield>
            <subfield code="h">Deutschland, Bundesrepublik</subfield>
            <subfield code="9">(DE-588)4011889-7</subfield>
          </datafield>
          <datafield tag="PSW" ind1="-" ind2="1">
            <subfield code="g">Republika Federalna Niemiec</subfield>
            <subfield code="h">Deutschland, Bundesrepublik</subfield>
            <subfield code="9">(DE-588)4011889-7</subfield>
          </datafield>
          <datafield tag="PSW" ind1="-" ind2="1">
            <subfield code="g">RFN</subfield>
            <subfield code="9">(DE-588)4011889-7</subfield>
          </datafield>
          <datafield tag="PSW" ind1="-" ind2="1">
            <subfield code="g">Niemiecka Republika Federalna Niemiecka Republika Federalna</subfield>
            <subfield code="9">(DE-588)4011889-7</subfield>
          </datafield>
          <datafield tag="PSW" ind1="-" ind2="1">
            <subfield code="g">NRF</subfield>
            <subfield code="9">(DE-588)4011889-7</subfield>
          </datafield>
          <datafield tag="PSW" ind1="-" ind2="1">
            <subfield code="g">Almanija</subfield>
            <subfield code="h">Deutschland, Bundesrepublik</subfield>
            <subfield code="9">(DE-588)4011889-7</subfield>
          </datafield>
          <datafield tag="PSW" ind1="-" ind2="1">
            <subfield code="g">Alemanha</subfield>
            <subfield code="h">Deutschland, Bundesrepublik</subfield>
            <subfield code="9">(DE-588)4011889-7</subfield>
          </datafield>
          <datafield tag="PSW" ind1="-" ind2="1">
            <subfield code="g">Repubblica Federale di Germania</subfield>
            <subfield code="h">Deutschland, Bundesrepublik</subfield>
            <subfield code="9">(DE-588)4011889-7</subfield>
          </datafield>
          <datafield tag="PSW" ind1="-" ind2="1">
            <subfield code="g">Saksan Liittotasavalta</subfield>
            <subfield code="h">Deutschland, Bundesrepublik</subfield>
            <subfield code="9">(DE-588)4011889-7</subfield>
          </datafield>
          <datafield tag="PSW" ind1="-" ind2="1">
            <subfield code="g">Germany</subfield>
            <subfield code="h">Deutschland, Bundesrepublik</subfield>
            <subfield code="9">(DE-588)4011889-7</subfield>
          </datafield>
          <datafield tag="PSW" ind1="-" ind2="1">
            <subfield code="g">Deutschland</subfield>
            <subfield code="h">1949-1990, Bundesrepublik</subfield>
            <subfield code="9">(DE-588)4011889-7</subfield>
          </datafield>
          <datafield tag="PSW" ind1="-" ind2="1">
            <subfield code="g">Förbundsrepublikken Tyskland</subfield>
            <subfield code="h">Deutschland, Bundesrepublik</subfield>
            <subfield code="9">(DE-588)4011889-7</subfield>
          </datafield>
          <datafield tag="PSW" ind1="-" ind2="1">
            <subfield code="g">Bundesrepublik Deutschland</subfield>
            <subfield code="h">1949-1990</subfield>
            <subfield code="9">(DE-588)4011889-7</subfield>
          </datafield>
          <datafield tag="PSW" ind1="-" ind2="1">
            <subfield code="g">Westdeutschland</subfield>
            <subfield code="h">Bundesrepublik, 1949-1990</subfield>
            <subfield code="9">(DE-588)4011889-7</subfield>
          </datafield>
          <datafield tag="PSW" ind1="-" ind2="1">
            <subfield code="g">BRD</subfield>
            <subfield code="h">1949-1990</subfield>
            <subfield code="9">(DE-588)4011889-7</subfield>
          </datafield>
          <datafield tag="PSW" ind1="-" ind2="1">
            <subfield code="g">Deutschland</subfield>
            <subfield code="x">Bundesrepublik</subfield>
            <subfield code="h">1949-1990</subfield>
            <subfield code="9">(DE-588)4011889-7</subfield>
          </datafield>
          <datafield tag="PSW" ind1="-" ind2="1">
            <subfield code="g">Förbundsrepubliken Tyskland</subfield>
            <subfield code="h">Deutschland, Bundesrepublik</subfield>
            <subfield code="9">(DE-588)4011889-7</subfield>
          </datafield>
          <datafield tag="PSW" ind1="-" ind2="1">
            <subfield code="s">Betriebspolitik</subfield>
            <subfield code="9">(DE-588)4078610-9</subfield>
          </datafield>
          <datafield tag="PSW" ind1="-" ind2="1">
            <subfield code="s">Betriebswirtschaftspolitik</subfield>
            <subfield code="9">(DE-588)4078610-9</subfield>
          </datafield>
          <datafield tag="PSW" ind1="-" ind2="1">
            <subfield code="s">Geschäftspolitik</subfield>
            <subfield code="9">(DE-588)4078610-9</subfield>
          </datafield>
          <datafield tag="PSW" ind1="-" ind2="1">
            <subfield code="g">República Federal da Alemanha</subfield>
            <subfield code="h">Deutschland, Bundesrepublik</subfield>
            <subfield code="9">(DE-588)4011889-7</subfield>
          </datafield>
          <datafield tag="PSW" ind1="-" ind2="1">
            <subfield code="g">Bondsrepubliek Duitsland</subfield>
            <subfield code="h">Deutschland, Bundesrepublik</subfield>
            <subfield code="9">(DE-588)4011889-7</subfield>
          </datafield>
          <datafield tag="PSW" ind1="-" ind2="1">
            <subfield code="g">Németországi Szövetségi Kőztársaság</subfield>
            <subfield code="h">Deutschland, Bundesrepublik</subfield>
            <subfield code="9">(DE-588)4011889-7</subfield>
          </datafield>
          <datafield tag="PSW" ind1="-" ind2="1">
            <subfield code="g">Almāniyā</subfield>
            <subfield code="h">Deutschland, Bundesrepublik</subfield>
            <subfield code="9">(DE-588)4011889-7</subfield>
          </datafield>
          <datafield tag="PSW" ind1="-" ind2="1">
            <subfield code="g">BRD</subfield>
            <subfield code="9">(DE-588)4011889-7</subfield>
          </datafield>
          <datafield tag="PSW" ind1="-" ind2="1">
            <subfield code="g">República Federal de Alemania</subfield>
            <subfield code="h">Deutschland, Bundesrepublik</subfield>
            <subfield code="9">(DE-588)4011889-7</subfield>
          </datafield>
          <datafield tag="PSW" ind1="-" ind2="1">
            <subfield code="g">Alemania</subfield>
            <subfield code="h">Deutschland, Bundesrepublik</subfield>
            <subfield code="9">(DE-588)4011889-7</subfield>
          </datafield>
          <datafield tag="PSW" ind1="-" ind2="1">
            <subfield code="g">Allemagne</subfield>
            <subfield code="h">Deutschland, Bundesrepublik</subfield>
            <subfield code="9">(DE-588)4011889-7</subfield>
          </datafield>
          <datafield tag="PSW" ind1="-" ind2="1">
            <subfield code="g">Federal Republic of Germany</subfield>
            <subfield code="h">Deutschland, Bundesrepublik</subfield>
            <subfield code="9">(DE-588)4011889-7</subfield>
          </datafield>
          <datafield tag="PSW" ind1="-" ind2="1">
            <subfield code="g">FRG</subfield>
            <subfield code="9">(DE-588)4011889-7</subfield>
          </datafield>
          <datafield tag="PSW" ind1="-" ind2="1">
            <subfield code="g">Republic of Germany</subfield>
            <subfield code="h">Deutschland, Bundesrepublik</subfield>
            <subfield code="9">(DE-588)4011889-7</subfield>
          </datafield>
          <datafield tag="PSW" ind1="-" ind2="1">
            <subfield code="g">République Fédérale d'Allemagne</subfield>
            <subfield code="h">Deutschland, Bundesrepublik</subfield>
            <subfield code="9">(DE-588)4011889-7</subfield>
          </datafield>
          <datafield tag="PSW" ind1="-" ind2="1">
            <subfield code="g">Republik Federasi Djerman</subfield>
            <subfield code="h">Deutschland, Bundesrepublik</subfield>
            <subfield code="9">(DE-588)4011889-7</subfield>
          </datafield>
          <datafield tag="PSW" ind1="-" ind2="1">
            <subfield code="g">Republika Federalna Niemiec</subfield>
            <subfield code="h">Deutschland, Bundesrepublik</subfield>
            <subfield code="9">(DE-588)4011889-7</subfield>
          </datafield>
          <datafield tag="PSW" ind1="-" ind2="1">
            <subfield code="g">RFN</subfield>
            <subfield code="9">(DE-588)4011889-7</subfield>
          </datafield>
          <datafield tag="PSW" ind1="-" ind2="1">
            <subfield code="g">Niemiecka Republika Federalna Niemiecka Republika Federalna</subfield>
            <subfield code="9">(DE-588)4011889-7</subfield>
          </datafield>
          <datafield tag="PSW" ind1="-" ind2="1">
            <subfield code="g">NRF</subfield>
            <subfield code="9">(DE-588)4011889-7</subfield>
          </datafield>
          <datafield tag="PSW" ind1="-" ind2="1">
            <subfield code="g">Almanija</subfield>
            <subfield code="h">Deutschland, Bundesrepublik</subfield>
            <subfield code="9">(DE-588)4011889-7</subfield>
          </datafield>
          <datafield tag="PSW" ind1="-" ind2="1">
            <subfield code="g">Alemanha</subfield>
            <subfield code="h">Deutschland, Bundesrepublik</subfield>
            <subfield code="9">(DE-588)4011889-7</subfield>
          </datafield>
          <datafield tag="PSW" ind1="-" ind2="1">
            <subfield code="g">Repubblica Federale di Germania</subfield>
            <subfield code="h">Deutschland, Bundesrepublik</subfield>
            <subfield code="9">(DE-588)4011889-7</subfield>
          </datafield>
          <datafield tag="PSW" ind1="-" ind2="1">
            <subfield code="g">Saksan Liittotasavalta</subfield>
            <subfield code="h">Deutschland, Bundesrepublik</subfield>
            <subfield code="9">(DE-588)4011889-7</subfield>
          </datafield>
          <datafield tag="PSW" ind1="-" ind2="1">
            <subfield code="g">Germany</subfield>
            <subfield code="h">Deutschland, Bundesrepublik</subfield>
            <subfield code="9">(DE-588)4011889-7</subfield>
          </datafield>
          <datafield tag="PSW" ind1="-" ind2="1">
            <subfield code="g">Deutschland</subfield>
            <subfield code="h">1949-1990, Bundesrepublik</subfield>
            <subfield code="9">(DE-588)4011889-7</subfield>
          </datafield>
          <datafield tag="PSW" ind1="-" ind2="1">
            <subfield code="g">Förbundsrepublikken Tyskland</subfield>
            <subfield code="h">Deutschland, Bundesrepublik</subfield>
            <subfield code="9">(DE-588)4011889-7</subfield>
          </datafield>
          <datafield tag="PSW" ind1="-" ind2="1">
            <subfield code="g">Bundesrepublik Deutschland</subfield>
            <subfield code="h">1949-1990</subfield>
            <subfield code="9">(DE-588)4011889-7</subfield>
          </datafield>
          <datafield tag="PSW" ind1="-" ind2="1">
            <subfield code="g">Westdeutschland</subfield>
            <subfield code="h">Bundesrepublik, 1949-1990</subfield>
            <subfield code="9">(DE-588)4011889-7</subfield>
          </datafield>
          <datafield tag="PSW" ind1="-" ind2="1">
            <subfield code="g">BRD</subfield>
            <subfield code="h">1949-1990</subfield>
            <subfield code="9">(DE-588)4011889-7</subfield>
          </datafield>
          <datafield tag="PSW" ind1="-" ind2="1">
            <subfield code="g">Deutschland</subfield>
            <subfield code="x">Bundesrepublik</subfield>
            <subfield code="h">1949-1990</subfield>
            <subfield code="9">(DE-588)4011889-7</subfield>
          </datafield>
          <datafield tag="PSW" ind1="-" ind2="1">
            <subfield code="g">Förbundsrepubliken Tyskland</subfield>
            <subfield code="h">Deutschland, Bundesrepublik</subfield>
            <subfield code="9">(DE-588)4011889-7</subfield>
          </datafield>
          <datafield tag="PSW" ind1="-" ind2="1">
            <subfield code="k">Siemens</subfield>
            <subfield code="9">(DE-588)2114358-4</subfield>
          </datafield>
          <datafield tag="PSW" ind1="-" ind2="1">
            <subfield code="k">Siemens AG</subfield>
            <subfield code="9">(DE-588)2114358-4</subfield>
          </datafield>
          <datafield tag="PSW" ind1="-" ind2="1">
            <subfield code="k">Siemens-Halske-Werke</subfield>
            <subfield code="h">Siemens Aktiengesellschaft</subfield>
            <subfield code="9">(DE-588)2114358-4</subfield>
          </datafield>
          <datafield tag="PSW" ind1="-" ind2="1">
            <subfield code="k">Akcionernoe Obščestvo Simens</subfield>
            <subfield code="9">(DE-588)2114358-4</subfield>
          </datafield>
          <datafield tag="PSW" ind1="-" ind2="1">
            <subfield code="k">Siemens-Aktiengesellschaft</subfield>
            <subfield code="9">(DE-588)2114358-4</subfield>
          </datafield>
          <datafield tag="PSW" ind1="-" ind2="1">
            <subfield code="k">Siemens</subfield>
            <subfield code="9">(DE-588)2114358-4</subfield>
          </datafield>
          <datafield tag="PSW" ind1="-" ind2="1">
            <subfield code="k">Siemens AG</subfield>
            <subfield code="9">(DE-588)2114358-4</subfield>
          </datafield>
          <datafield tag="PSW" ind1="-" ind2="1">
            <subfield code="k">Siemens-Halske-Werke</subfield>
            <subfield code="h">Siemens Aktiengesellschaft</subfield>
            <subfield code="9">(DE-588)2114358-4</subfield>
          </datafield>
          <datafield tag="PSW" ind1="-" ind2="1">
            <subfield code="k">Akcionernoe Obščestvo Simens</subfield>
            <subfield code="9">(DE-588)2114358-4</subfield>
          </datafield>
          <datafield tag="PSW" ind1="-" ind2="1">
            <subfield code="k">Siemens-Aktiengesellschaft</subfield>
            <subfield code="9">(DE-588)2114358-4</subfield>
          </datafield>
          <datafield tag="PSW" ind1="-" ind2="1">
            <subfield code="k">Daimler Chrysler AG</subfield>
            <subfield code="9">(DE-588)2178010-9</subfield>
          </datafield>
          <datafield tag="PSW" ind1="-" ind2="1">
            <subfield code="k">DaimlerChrysler-Konzernzentrale</subfield>
            <subfield code="9">(DE-588)2178010-9</subfield>
          </datafield>
          <datafield tag="PPE" ind1="-" ind2="1">
            <subfield code="p">Hilger, S.</subfield>
            <subfield code="d">1965-</subfield>
            <subfield code="9">(DE-588)121962016</subfield>
          </datafield>
          <datafield tag="PPE" ind1="-" ind2="1">
            <subfield code="p">Hilger, S.</subfield>
            <subfield code="d">1965-</subfield>
            <subfield code="9">(DE-588)121962016</subfield>
          </datafield>
          <datafield tag="PPE" ind1="-" ind2="1">
            <subfield code="p">Hilger, S.</subfield>
            <subfield code="d">1965-</subfield>
            <subfield code="9">(DE-588)121962016</subfield>
          </datafield>
          <datafield tag="PPE" ind1="-" ind2="1">
            <subfield code="p">Hilger, S.</subfield>
            <subfield code="d">1965-</subfield>
            <subfield code="9">(DE-588)121962016</subfield>
          </datafield>
          <datafield tag="PSW" ind1="-" ind2="1">
            <subfield code="g">República Federal da Alemanha</subfield>
            <subfield code="h">Deutschland, Bundesrepublik</subfield>
            <subfield code="9">(DE-588)4011889-7</subfield>
          </datafield>
          <datafield tag="PSW" ind1="-" ind2="1">
            <subfield code="g">Bondsrepubliek Duitsland</subfield>
            <subfield code="h">Deutschland, Bundesrepublik</subfield>
            <subfield code="9">(DE-588)4011889-7</subfield>
          </datafield>
          <datafield tag="PSW" ind1="-" ind2="1">
            <subfield code="g">Németországi Szövetségi Kőztársaság</subfield>
            <subfield code="h">Deutschland, Bundesrepublik</subfield>
            <subfield code="9">(DE-588)4011889-7</subfield>
          </datafield>
          <datafield tag="PSW" ind1="-" ind2="1">
            <subfield code="g">Almāniyā</subfield>
            <subfield code="h">Deutschland, Bundesrepublik</subfield>
            <subfield code="9">(DE-588)4011889-7</subfield>
          </datafield>
          <datafield tag="PSW" ind1="-" ind2="1">
            <subfield code="g">BRD</subfield>
            <subfield code="9">(DE-588)4011889-7</subfield>
          </datafield>
          <datafield tag="PSW" ind1="-" ind2="1">
            <subfield code="g">República Federal de Alemania</subfield>
            <subfield code="h">Deutschland, Bundesrepublik</subfield>
            <subfield code="9">(DE-588)4011889-7</subfield>
          </datafield>
          <datafield tag="PSW" ind1="-" ind2="1">
            <subfield code="g">Alemania</subfield>
            <subfield code="h">Deutschland, Bundesrepublik</subfield>
            <subfield code="9">(DE-588)4011889-7</subfield>
          </datafield>
          <datafield tag="PSW" ind1="-" ind2="1">
            <subfield code="g">Allemagne</subfield>
            <subfield code="h">Deutschland, Bundesrepublik</subfield>
            <subfield code="9">(DE-588)4011889-7</subfield>
          </datafield>
          <datafield tag="PSW" ind1="-" ind2="1">
            <subfield code="g">Federal Republic of Germany</subfield>
            <subfield code="h">Deutschland, Bundesrepublik</subfield>
            <subfield code="9">(DE-588)4011889-7</subfield>
          </datafield>
          <datafield tag="PSW" ind1="-" ind2="1">
            <subfield code="g">FRG</subfield>
            <subfield code="9">(DE-588)4011889-7</subfield>
          </datafield>
          <datafield tag="PSW" ind1="-" ind2="1">
            <subfield code="g">Republic of Germany</subfield>
            <subfield code="h">Deutschland, Bundesrepublik</subfield>
            <subfield code="9">(DE-588)4011889-7</subfield>
          </datafield>
          <datafield tag="PSW" ind1="-" ind2="1">
            <subfield code="g">République Fédérale d'Allemagne</subfield>
            <subfield code="h">Deutschland, Bundesrepublik</subfield>
            <subfield code="9">(DE-588)4011889-7</subfield>
          </datafield>
          <datafield tag="PSW" ind1="-" ind2="1">
            <subfield code="g">Republik Federasi Djerman</subfield>
            <subfield code="h">Deutschland, Bundesrepublik</subfield>
            <subfield code="9">(DE-588)4011889-7</subfield>
          </datafield>
          <datafield tag="PSW" ind1="-" ind2="1">
            <subfield code="g">Republika Federalna Niemiec</subfield>
            <subfield code="h">Deutschland, Bundesrepublik</subfield>
            <subfield code="9">(DE-588)4011889-7</subfield>
          </datafield>
          <datafield tag="PSW" ind1="-" ind2="1">
            <subfield code="g">RFN</subfield>
            <subfield code="9">(DE-588)4011889-7</subfield>
          </datafield>
          <datafield tag="PSW" ind1="-" ind2="1">
            <subfield code="g">Niemiecka Republika Federalna Niemiecka Republika Federalna</subfield>
            <subfield code="9">(DE-588)4011889-7</subfield>
          </datafield>
          <datafield tag="PSW" ind1="-" ind2="1">
            <subfield code="g">NRF</subfield>
            <subfield code="9">(DE-588)4011889-7</subfield>
          </datafield>
          <datafield tag="PSW" ind1="-" ind2="1">
            <subfield code="g">Almanija</subfield>
            <subfield code="h">Deutschland, Bundesrepublik</subfield>
            <subfield code="9">(DE-588)4011889-7</subfield>
          </datafield>
          <datafield tag="PSW" ind1="-" ind2="1">
            <subfield code="g">Alemanha</subfield>
            <subfield code="h">Deutschland, Bundesrepublik</subfield>
            <subfield code="9">(DE-588)4011889-7</subfield>
          </datafield>
          <datafield tag="PSW" ind1="-" ind2="1">
            <subfield code="g">Repubblica Federale di Germania</subfield>
            <subfield code="h">Deutschland, Bundesrepublik</subfield>
            <subfield code="9">(DE-588)4011889-7</subfield>
          </datafield>
          <datafield tag="PSW" ind1="-" ind2="1">
            <subfield code="g">Saksan Liittotasavalta</subfield>
            <subfield code="h">Deutschland, Bundesrepublik</subfield>
            <subfield code="9">(DE-588)4011889-7</subfield>
          </datafield>
          <datafield tag="PSW" ind1="-" ind2="1">
            <subfield code="g">Germany</subfield>
            <subfield code="h">Deutschland, Bundesrepublik</subfield>
            <subfield code="9">(DE-588)4011889-7</subfield>
          </datafield>
          <datafield tag="PSW" ind1="-" ind2="1">
            <subfield code="g">Deutschland</subfield>
            <subfield code="h">1949-1990, Bundesrepublik</subfield>
            <subfield code="9">(DE-588)4011889-7</subfield>
          </datafield>
          <datafield tag="PSW" ind1="-" ind2="1">
            <subfield code="g">Förbundsrepublikken Tyskland</subfield>
            <subfield code="h">Deutschland, Bundesrepublik</subfield>
            <subfield code="9">(DE-588)4011889-7</subfield>
          </datafield>
          <datafield tag="PSW" ind1="-" ind2="1">
            <subfield code="g">Bundesrepublik Deutschland</subfield>
            <subfield code="h">1949-1990</subfield>
            <subfield code="9">(DE-588)4011889-7</subfield>
          </datafield>
          <datafield tag="PSW" ind1="-" ind2="1">
            <subfield code="g">Westdeutschland</subfield>
            <subfield code="h">Bundesrepublik, 1949-1990</subfield>
            <subfield code="9">(DE-588)4011889-7</subfield>
          </datafield>
          <datafield tag="PSW" ind1="-" ind2="1">
            <subfield code="g">BRD</subfield>
            <subfield code="h">1949-1990</subfield>
            <subfield code="9">(DE-588)4011889-7</subfield>
          </datafield>
          <datafield tag="PSW" ind1="-" ind2="1">
            <subfield code="g">Deutschland</subfield>
            <subfield code="x">Bundesrepublik</subfield>
            <subfield code="h">1949-1990</subfield>
            <subfield code="9">(DE-588)4011889-7</subfield>
          </datafield>
          <datafield tag="PSW" ind1="-" ind2="1">
            <subfield code="g">Förbundsrepubliken Tyskland</subfield>
            <subfield code="h">Deutschland, Bundesrepublik</subfield>
            <subfield code="9">(DE-588)4011889-7</subfield>
          </datafield>
          <datafield tag="PSW" ind1="-" ind2="1">
            <subfield code="g">República Federal da Alemanha</subfield>
            <subfield code="h">Deutschland, Bundesrepublik</subfield>
            <subfield code="9">(DE-588)4011889-7</subfield>
          </datafield>
          <datafield tag="PSW" ind1="-" ind2="1">
            <subfield code="g">Bondsrepubliek Duitsland</subfield>
            <subfield code="h">Deutschland, Bundesrepublik</subfield>
            <subfield code="9">(DE-588)4011889-7</subfield>
          </datafield>
          <datafield tag="PSW" ind1="-" ind2="1">
            <subfield code="g">Németországi Szövetségi Kőztársaság</subfield>
            <subfield code="h">Deutschland, Bundesrepublik</subfield>
            <subfield code="9">(DE-588)4011889-7</subfield>
          </datafield>
          <datafield tag="PSW" ind1="-" ind2="1">
            <subfield code="g">Almāniyā</subfield>
            <subfield code="h">Deutschland, Bundesrepublik</subfield>
            <subfield code="9">(DE-588)4011889-7</subfield>
          </datafield>
          <datafield tag="PSW" ind1="-" ind2="1">
            <subfield code="g">BRD</subfield>
            <subfield code="9">(DE-588)4011889-7</subfield>
          </datafield>
          <datafield tag="PSW" ind1="-" ind2="1">
            <subfield code="g">República Federal de Alemania</subfield>
            <subfield code="h">Deutschland, Bundesrepublik</subfield>
            <subfield code="9">(DE-588)4011889-7</subfield>
          </datafield>
          <datafield tag="PSW" ind1="-" ind2="1">
            <subfield code="g">Alemania</subfield>
            <subfield code="h">Deutschland, Bundesrepublik</subfield>
            <subfield code="9">(DE-588)4011889-7</subfield>
          </datafield>
          <datafield tag="PSW" ind1="-" ind2="1">
            <subfield code="g">Allemagne</subfield>
            <subfield code="h">Deutschland, Bundesrepublik</subfield>
            <subfield code="9">(DE-588)4011889-7</subfield>
          </datafield>
          <datafield tag="PSW" ind1="-" ind2="1">
            <subfield code="g">Federal Republic of Germany</subfield>
            <subfield code="h">Deutschland, Bundesrepublik</subfield>
            <subfield code="9">(DE-588)4011889-7</subfield>
          </datafield>
          <datafield tag="PSW" ind1="-" ind2="1">
            <subfield code="g">FRG</subfield>
            <subfield code="9">(DE-588)4011889-7</subfield>
          </datafield>
          <datafield tag="PSW" ind1="-" ind2="1">
            <subfield code="g">Republic of Germany</subfield>
            <subfield code="h">Deutschland, Bundesrepublik</subfield>
            <subfield code="9">(DE-588)4011889-7</subfield>
          </datafield>
          <datafield tag="PSW" ind1="-" ind2="1">
            <subfield code="g">République Fédérale d'Allemagne</subfield>
            <subfield code="h">Deutschland, Bundesrepublik</subfield>
            <subfield code="9">(DE-588)4011889-7</subfield>
          </datafield>
          <datafield tag="PSW" ind1="-" ind2="1">
            <subfield code="g">Republik Federasi Djerman</subfield>
            <subfield code="h">Deutschland, Bundesrepublik</subfield>
            <subfield code="9">(DE-588)4011889-7</subfield>
          </datafield>
          <datafield tag="PSW" ind1="-" ind2="1">
            <subfield code="g">Republika Federalna Niemiec</subfield>
            <subfield code="h">Deutschland, Bundesrepublik</subfield>
            <subfield code="9">(DE-588)4011889-7</subfield>
          </datafield>
          <datafield tag="PSW" ind1="-" ind2="1">
            <subfield code="g">RFN</subfield>
            <subfield code="9">(DE-588)4011889-7</subfield>
          </datafield>
          <datafield tag="PSW" ind1="-" ind2="1">
            <subfield code="g">Niemiecka Republika Federalna Niemiecka Republika Federalna</subfield>
            <subfield code="9">(DE-588)4011889-7</subfield>
          </datafield>
          <datafield tag="PSW" ind1="-" ind2="1">
            <subfield code="g">NRF</subfield>
            <subfield code="9">(DE-588)4011889-7</subfield>
          </datafield>
          <datafield tag="PSW" ind1="-" ind2="1">
            <subfield code="g">Almanija</subfield>
            <subfield code="h">Deutschland, Bundesrepublik</subfield>
            <subfield code="9">(DE-588)4011889-7</subfield>
          </datafield>
          <datafield tag="PSW" ind1="-" ind2="1">
            <subfield code="g">Alemanha</subfield>
            <subfield code="h">Deutschland, Bundesrepublik</subfield>
            <subfield code="9">(DE-588)4011889-7</subfield>
          </datafield>
          <datafield tag="PSW" ind1="-" ind2="1">
            <subfield code="g">Repubblica Federale di Germania</subfield>
            <subfield code="h">Deutschland, Bundesrepublik</subfield>
            <subfield code="9">(DE-588)4011889-7</subfield>
          </datafield>
          <datafield tag="PSW" ind1="-" ind2="1">
            <subfield code="g">Saksan Liittotasavalta</subfield>
            <subfield code="h">Deutschland, Bundesrepublik</subfield>
            <subfield code="9">(DE-588)4011889-7</subfield>
          </datafield>
          <datafield tag="PSW" ind1="-" ind2="1">
            <subfield code="g">Germany</subfield>
            <subfield code="h">Deutschland, Bundesrepublik</subfield>
            <subfield code="9">(DE-588)4011889-7</subfield>
          </datafield>
          <datafield tag="PSW" ind1="-" ind2="1">
            <subfield code="g">Deutschland</subfield>
            <subfield code="h">1949-1990, Bundesrepublik</subfield>
            <subfield code="9">(DE-588)4011889-7</subfield>
          </datafield>
          <datafield tag="PSW" ind1="-" ind2="1">
            <subfield code="g">Förbundsrepublikken Tyskland</subfield>
            <subfield code="h">Deutschland, Bundesrepublik</subfield>
            <subfield code="9">(DE-588)4011889-7</subfield>
          </datafield>
          <datafield tag="PSW" ind1="-" ind2="1">
            <subfield code="g">Bundesrepublik Deutschland</subfield>
            <subfield code="h">1949-1990</subfield>
            <subfield code="9">(DE-588)4011889-7</subfield>
          </datafield>
          <datafield tag="PSW" ind1="-" ind2="1">
            <subfield code="g">Westdeutschland</subfield>
            <subfield code="h">Bundesrepublik, 1949-1990</subfield>
            <subfield code="9">(DE-588)4011889-7</subfield>
          </datafield>
          <datafield tag="PSW" ind1="-" ind2="1">
            <subfield code="g">BRD</subfield>
            <subfield code="h">1949-1990</subfield>
            <subfield code="9">(DE-588)4011889-7</subfield>
          </datafield>
          <datafield tag="PSW" ind1="-" ind2="1">
            <subfield code="g">Deutschland</subfield>
            <subfield code="x">Bundesrepublik</subfield>
            <subfield code="h">1949-1990</subfield>
            <subfield code="9">(DE-588)4011889-7</subfield>
          </datafield>
          <datafield tag="PSW" ind1="-" ind2="1">
            <subfield code="g">Förbundsrepubliken Tyskland</subfield>
            <subfield code="h">Deutschland, Bundesrepublik</subfield>
            <subfield code="9">(DE-588)4011889-7</subfield>
          </datafield>
          <datafield tag="PSW" ind1="-" ind2="1">
            <subfield code="g">República Federal da Alemanha</subfield>
            <subfield code="h">Deutschland, Bundesrepublik</subfield>
            <subfield code="9">(DE-588)4011889-7</subfield>
          </datafield>
          <datafield tag="PSW" ind1="-" ind2="1">
            <subfield code="g">Bondsrepubliek Duitsland</subfield>
            <subfield code="h">Deutschland, Bundesrepublik</subfield>
            <subfield code="9">(DE-588)4011889-7</subfield>
          </datafield>
          <datafield tag="PSW" ind1="-" ind2="1">
            <subfield code="g">Németországi Szövetségi Kőztársaság</subfield>
            <subfield code="h">Deutschland, Bundesrepublik</subfield>
            <subfield code="9">(DE-588)4011889-7</subfield>
          </datafield>
          <datafield tag="PSW" ind1="-" ind2="1">
            <subfield code="g">Almāniyā</subfield>
            <subfield code="h">Deutschland, Bundesrepublik</subfield>
            <subfield code="9">(DE-588)4011889-7</subfield>
          </datafield>
          <datafield tag="PSW" ind1="-" ind2="1">
            <subfield code="g">BRD</subfield>
            <subfield code="9">(DE-588)4011889-7</subfield>
          </datafield>
          <datafield tag="PSW" ind1="-" ind2="1">
            <subfield code="g">República Federal de Alemania</subfield>
            <subfield code="h">Deutschland, Bundesrepublik</subfield>
            <subfield code="9">(DE-588)4011889-7</subfield>
          </datafield>
          <datafield tag="PSW" ind1="-" ind2="1">
            <subfield code="g">Alemania</subfield>
            <subfield code="h">Deutschland, Bundesrepublik</subfield>
            <subfield code="9">(DE-588)4011889-7</subfield>
          </datafield>
          <datafield tag="PSW" ind1="-" ind2="1">
            <subfield code="g">Allemagne</subfield>
            <subfield code="h">Deutschland, Bundesrepublik</subfield>
            <subfield code="9">(DE-588)4011889-7</subfield>
          </datafield>
          <datafield tag="PSW" ind1="-" ind2="1">
            <subfield code="g">Federal Republic of Germany</subfield>
            <subfield code="h">Deutschland, Bundesrepublik</subfield>
            <subfield code="9">(DE-588)4011889-7</subfield>
          </datafield>
          <datafield tag="PSW" ind1="-" ind2="1">
            <subfield code="g">FRG</subfield>
            <subfield code="9">(DE-588)4011889-7</subfield>
          </datafield>
          <datafield tag="PSW" ind1="-" ind2="1">
            <subfield code="g">Republic of Germany</subfield>
            <subfield code="h">Deutschland, Bundesrepublik</subfield>
            <subfield code="9">(DE-588)4011889-7</subfield>
          </datafield>
          <datafield tag="PSW" ind1="-" ind2="1">
            <subfield code="g">République Fédérale d'Allemagne</subfield>
            <subfield code="h">Deutschland, Bundesrepublik</subfield>
            <subfield code="9">(DE-588)4011889-7</subfield>
          </datafield>
          <datafield tag="PSW" ind1="-" ind2="1">
            <subfield code="g">Republik Federasi Djerman</subfield>
            <subfield code="h">Deutschland, Bundesrepublik</subfield>
            <subfield code="9">(DE-588)4011889-7</subfield>
          </datafield>
          <datafield tag="PSW" ind1="-" ind2="1">
            <subfield code="g">Republika Federalna Niemiec</subfield>
            <subfield code="h">Deutschland, Bundesrepublik</subfield>
            <subfield code="9">(DE-588)4011889-7</subfield>
          </datafield>
          <datafield tag="PSW" ind1="-" ind2="1">
            <subfield code="g">RFN</subfield>
            <subfield code="9">(DE-588)4011889-7</subfield>
          </datafield>
          <datafield tag="PSW" ind1="-" ind2="1">
            <subfield code="g">Niemiecka Republika Federalna Niemiecka Republika Federalna</subfield>
            <subfield code="9">(DE-588)4011889-7</subfield>
          </datafield>
          <datafield tag="PSW" ind1="-" ind2="1">
            <subfield code="g">NRF</subfield>
            <subfield code="9">(DE-588)4011889-7</subfield>
          </datafield>
          <datafield tag="PSW" ind1="-" ind2="1">
            <subfield code="g">Almanija</subfield>
            <subfield code="h">Deutschland, Bundesrepublik</subfield>
            <subfield code="9">(DE-588)4011889-7</subfield>
          </datafield>
          <datafield tag="PSW" ind1="-" ind2="1">
            <subfield code="g">Alemanha</subfield>
            <subfield code="h">Deutschland, Bundesrepublik</subfield>
            <subfield code="9">(DE-588)4011889-7</subfield>
          </datafield>
          <datafield tag="PSW" ind1="-" ind2="1">
            <subfield code="g">Repubblica Federale di Germania</subfield>
            <subfield code="h">Deutschland, Bundesrepublik</subfield>
            <subfield code="9">(DE-588)4011889-7</subfield>
          </datafield>
          <datafield tag="PSW" ind1="-" ind2="1">
            <subfield code="g">Saksan Liittotasavalta</subfield>
            <subfield code="h">Deutschland, Bundesrepublik</subfield>
            <subfield code="9">(DE-588)4011889-7</subfield>
          </datafield>
          <datafield tag="PSW" ind1="-" ind2="1">
            <subfield code="g">Germany</subfield>
            <subfield code="h">Deutschland, Bundesrepublik</subfield>
            <subfield code="9">(DE-588)4011889-7</subfield>
          </datafield>
          <datafield tag="PSW" ind1="-" ind2="1">
            <subfield code="g">Deutschland</subfield>
            <subfield code="h">1949-1990, Bundesrepublik</subfield>
            <subfield code="9">(DE-588)4011889-7</subfield>
          </datafield>
          <datafield tag="PSW" ind1="-" ind2="1">
            <subfield code="g">Förbundsrepublikken Tyskland</subfield>
            <subfield code="h">Deutschland, Bundesrepublik</subfield>
            <subfield code="9">(DE-588)4011889-7</subfield>
          </datafield>
          <datafield tag="PSW" ind1="-" ind2="1">
            <subfield code="g">Bundesrepublik Deutschland</subfield>
            <subfield code="h">1949-1990</subfield>
            <subfield code="9">(DE-588)4011889-7</subfield>
          </datafield>
          <datafield tag="PSW" ind1="-" ind2="1">
            <subfield code="g">Westdeutschland</subfield>
            <subfield code="h">Bundesrepublik, 1949-1990</subfield>
            <subfield code="9">(DE-588)4011889-7</subfield>
          </datafield>
          <datafield tag="PSW" ind1="-" ind2="1">
            <subfield code="g">BRD</subfield>
            <subfield code="h">1949-1990</subfield>
            <subfield code="9">(DE-588)4011889-7</subfield>
          </datafield>
          <datafield tag="PSW" ind1="-" ind2="1">
            <subfield code="g">Deutschland</subfield>
            <subfield code="x">Bundesrepublik</subfield>
            <subfield code="h">1949-1990</subfield>
            <subfield code="9">(DE-588)4011889-7</subfield>
          </datafield>
          <datafield tag="PSW" ind1="-" ind2="1">
            <subfield code="g">Förbundsrepubliken Tyskland</subfield>
            <subfield code="h">Deutschland, Bundesrepublik</subfield>
            <subfield code="9">(DE-588)4011889-7</subfield>
          </datafield>
          <datafield tag="PSW" ind1="-" ind2="1">
            <subfield code="s">Betriebspolitik</subfield>
            <subfield code="9">(DE-588)4078610-9</subfield>
          </datafield>
          <datafield tag="PSW" ind1="-" ind2="1">
            <subfield code="s">Betriebswirtschaftspolitik</subfield>
            <subfield code="9">(DE-588)4078610-9</subfield>
          </datafield>
          <datafield tag="PSW" ind1="-" ind2="1">
            <subfield code="s">Geschäftspolitik</subfield>
            <subfield code="9">(DE-588)4078610-9</subfield>
          </datafield>
          <datafield tag="PSW" ind1="-" ind2="1">
            <subfield code="k">Siemens</subfield>
            <subfield code="9">(DE-588)2114358-4</subfield>
          </datafield>
          <datafield tag="PSW" ind1="-" ind2="1">
            <subfield code="k">Siemens AG</subfield>
            <subfield code="9">(DE-588)2114358-4</subfield>
          </datafield>
          <datafield tag="PSW" ind1="-" ind2="1">
            <subfield code="k">Siemens-Halske-Werke</subfield>
            <subfield code="h">Siemens Aktiengesellschaft</subfield>
            <subfield code="9">(DE-588)2114358-4</subfield>
          </datafield>
          <datafield tag="PSW" ind1="-" ind2="1">
            <subfield code="k">Akcionernoe Obščestvo Simens</subfield>
            <subfield code="9">(DE-588)2114358-4</subfield>
          </datafield>
          <datafield tag="PSW" ind1="-" ind2="1">
            <subfield code="k">Siemens-Aktiengesellschaft</subfield>
            <subfield code="9">(DE-588)2114358-4</subfield>
          </datafield>
          <datafield tag="PSW" ind1="-" ind2="1">
            <subfield code="k">Siemens</subfield>
            <subfield code="9">(DE-588)2114358-4</subfield>
          </datafield>
          <datafield tag="PSW" ind1="-" ind2="1">
            <subfield code="k">Siemens AG</subfield>
            <subfield code="9">(DE-588)2114358-4</subfield>
          </datafield>
          <datafield tag="PSW" ind1="-" ind2="1">
            <subfield code="k">Siemens-Halske-Werke</subfield>
            <subfield code="h">Siemens Aktiengesellschaft</subfield>
            <subfield code="9">(DE-588)2114358-4</subfield>
          </datafield>
          <datafield tag="PSW" ind1="-" ind2="1">
            <subfield code="k">Akcionernoe Obščestvo Simens</subfield>
            <subfield code="9">(DE-588)2114358-4</subfield>
          </datafield>
          <datafield tag="PSW" ind1="-" ind2="1">
            <subfield code="k">Siemens-Aktiengesellschaft</subfield>
            <subfield code="9">(DE-588)2114358-4</subfield>
          </datafield>
          <datafield tag="PSW" ind1="-" ind2="1">
            <subfield code="k">Siemens</subfield>
            <subfield code="9">(DE-588)2114358-4</subfield>
          </datafield>
          <datafield tag="PSW" ind1="-" ind2="1">
            <subfield code="k">Siemens AG</subfield>
            <subfield code="9">(DE-588)2114358-4</subfield>
          </datafield>
          <datafield tag="PSW" ind1="-" ind2="1">
            <subfield code="k">Siemens-Halske-Werke</subfield>
            <subfield code="h">Siemens Aktiengesellschaft</subfield>
            <subfield code="9">(DE-588)2114358-4</subfield>
          </datafield>
          <datafield tag="PSW" ind1="-" ind2="1">
            <subfield code="k">Akcionernoe Obščestvo Simens</subfield>
            <subfield code="9">(DE-588)2114358-4</subfield>
          </datafield>
          <datafield tag="PSW" ind1="-" ind2="1">
            <subfield code="k">Siemens-Aktiengesellschaft</subfield>
            <subfield code="9">(DE-588)2114358-4</subfield>
          </datafield>
          <datafield tag="PSW" ind1="-" ind2="1">
            <subfield code="k">Siemens</subfield>
            <subfield code="9">(DE-588)2114358-4</subfield>
          </datafield>
          <datafield tag="PSW" ind1="-" ind2="1">
            <subfield code="k">Siemens AG</subfield>
            <subfield code="9">(DE-588)2114358-4</subfield>
          </datafield>
          <datafield tag="PSW" ind1="-" ind2="1">
            <subfield code="k">Siemens-Halske-Werke</subfield>
            <subfield code="h">Siemens Aktiengesellschaft</subfield>
            <subfield code="9">(DE-588)2114358-4</subfield>
          </datafield>
          <datafield tag="PSW" ind1="-" ind2="1">
            <subfield code="k">Akcionernoe Obščestvo Simens</subfield>
            <subfield code="9">(DE-588)2114358-4</subfield>
          </datafield>
          <datafield tag="PSW" ind1="-" ind2="1">
            <subfield code="k">Siemens-Aktiengesellschaft</subfield>
            <subfield code="9">(DE-588)2114358-4</subfield>
          </datafield>
          <datafield tag="PSW" ind1="-" ind2="1">
            <subfield code="k">Siemens</subfield>
            <subfield code="9">(DE-588)2114358-4</subfield>
          </datafield>
          <datafield tag="PSW" ind1="-" ind2="1">
            <subfield code="k">Siemens AG</subfield>
            <subfield code="9">(DE-588)2114358-4</subfield>
          </datafield>
          <datafield tag="PSW" ind1="-" ind2="1">
            <subfield code="k">Siemens-Halske-Werke</subfield>
            <subfield code="h">Siemens Aktiengesellschaft</subfield>
            <subfield code="9">(DE-588)2114358-4</subfield>
          </datafield>
          <datafield tag="PSW" ind1="-" ind2="1">
            <subfield code="k">Akcionernoe Obščestvo Simens</subfield>
            <subfield code="9">(DE-588)2114358-4</subfield>
          </datafield>
          <datafield tag="PSW" ind1="-" ind2="1">
            <subfield code="k">Siemens-Aktiengesellschaft</subfield>
            <subfield code="9">(DE-588)2114358-4</subfield>
          </datafield>
          <datafield tag="PSW" ind1="-" ind2="1">
            <subfield code="k">Siemens</subfield>
            <subfield code="9">(DE-588)2114358-4</subfield>
          </datafield>
          <datafield tag="PSW" ind1="-" ind2="1">
            <subfield code="k">Siemens AG</subfield>
            <subfield code="9">(DE-588)2114358-4</subfield>
          </datafield>
          <datafield tag="PSW" ind1="-" ind2="1">
            <subfield code="k">Siemens-Halske-Werke</subfield>
            <subfield code="h">Siemens Aktiengesellschaft</subfield>
            <subfield code="9">(DE-588)2114358-4</subfield>
          </datafield>
          <datafield tag="PSW" ind1="-" ind2="1">
            <subfield code="k">Akcionernoe Obščestvo Simens</subfield>
            <subfield code="9">(DE-588)2114358-4</subfield>
          </datafield>
          <datafield tag="PSW" ind1="-" ind2="1">
            <subfield code="k">Siemens-Aktiengesellschaft</subfield>
            <subfield code="9">(DE-588)2114358-4</subfield>
          </datafield>
          <datafield tag="PSW" ind1="-" ind2="1">
            <subfield code="k">Siemens</subfield>
            <subfield code="9">(DE-588)2114358-4</subfield>
          </datafield>
          <datafield tag="PSW" ind1="-" ind2="1">
            <subfield code="k">Siemens AG</subfield>
            <subfield code="9">(DE-588)2114358-4</subfield>
          </datafield>
          <datafield tag="PSW" ind1="-" ind2="1">
            <subfield code="k">Siemens-Halske-Werke</subfield>
            <subfield code="h">Siemens Aktiengesellschaft</subfield>
            <subfield code="9">(DE-588)2114358-4</subfield>
          </datafield>
          <datafield tag="PSW" ind1="-" ind2="1">
            <subfield code="k">Akcionernoe Obščestvo Simens</subfield>
            <subfield code="9">(DE-588)2114358-4</subfield>
          </datafield>
          <datafield tag="PSW" ind1="-" ind2="1">
            <subfield code="k">Siemens-Aktiengesellschaft</subfield>
            <subfield code="9">(DE-588)2114358-4</subfield>
          </datafield>
          <datafield tag="PSW" ind1="-" ind2="1">
            <subfield code="k">Siemens</subfield>
            <subfield code="9">(DE-588)2114358-4</subfield>
          </datafield>
          <datafield tag="PSW" ind1="-" ind2="1">
            <subfield code="k">Siemens AG</subfield>
            <subfield code="9">(DE-588)2114358-4</subfield>
          </datafield>
          <datafield tag="PSW" ind1="-" ind2="1">
            <subfield code="k">Siemens-Halske-Werke</subfield>
            <subfield code="h">Siemens Aktiengesellschaft</subfield>
            <subfield code="9">(DE-588)2114358-4</subfield>
          </datafield>
          <datafield tag="PSW" ind1="-" ind2="1">
            <subfield code="k">Akcionernoe Obščestvo Simens</subfield>
            <subfield code="9">(DE-588)2114358-4</subfield>
          </datafield>
          <datafield tag="PSW" ind1="-" ind2="1">
            <subfield code="k">Siemens-Aktiengesellschaft</subfield>
            <subfield code="9">(DE-588)2114358-4</subfield>
          </datafield>
          <datafield tag="PSW" ind1="-" ind2="1">
            <subfield code="k">Siemens</subfield>
            <subfield code="9">(DE-588)2114358-4</subfield>
          </datafield>
          <datafield tag="PSW" ind1="-" ind2="1">
            <subfield code="k">Siemens AG</subfield>
            <subfield code="9">(DE-588)2114358-4</subfield>
          </datafield>
          <datafield tag="PSW" ind1="-" ind2="1">
            <subfield code="k">Siemens-Halske-Werke</subfield>
            <subfield code="h">Siemens Aktiengesellschaft</subfield>
            <subfield code="9">(DE-588)2114358-4</subfield>
          </datafield>
          <datafield tag="PSW" ind1="-" ind2="1">
            <subfield code="k">Akcionernoe Obščestvo Simens</subfield>
            <subfield code="9">(DE-588)2114358-4</subfield>
          </datafield>
          <datafield tag="PSW" ind1="-" ind2="1">
            <subfield code="k">Siemens-Aktiengesellschaft</subfield>
            <subfield code="9">(DE-588)2114358-4</subfield>
          </datafield>
          <datafield tag="PSW" ind1="-" ind2="1">
            <subfield code="k">Siemens</subfield>
            <subfield code="9">(DE-588)2114358-4</subfield>
          </datafield>
          <datafield tag="PSW" ind1="-" ind2="1">
            <subfield code="k">Siemens AG</subfield>
            <subfield code="9">(DE-588)2114358-4</subfield>
          </datafield>
          <datafield tag="PSW" ind1="-" ind2="1">
            <subfield code="k">Siemens-Halske-Werke</subfield>
            <subfield code="h">Siemens Aktiengesellschaft</subfield>
            <subfield code="9">(DE-588)2114358-4</subfield>
          </datafield>
          <datafield tag="PSW" ind1="-" ind2="1">
            <subfield code="k">Akcionernoe Obščestvo Simens</subfield>
            <subfield code="9">(DE-588)2114358-4</subfield>
          </datafield>
          <datafield tag="PSW" ind1="-" ind2="1">
            <subfield code="k">Siemens-Aktiengesellschaft</subfield>
            <subfield code="9">(DE-588)2114358-4</subfield>
          </datafield>
          <datafield tag="PSW" ind1="-" ind2="1">
            <subfield code="k">Siemens</subfield>
            <subfield code="9">(DE-588)2114358-4</subfield>
          </datafield>
          <datafield tag="PSW" ind1="-" ind2="1">
            <subfield code="k">Siemens AG</subfield>
            <subfield code="9">(DE-588)2114358-4</subfield>
          </datafield>
          <datafield tag="PSW" ind1="-" ind2="1">
            <subfield code="k">Siemens-Halske-Werke</subfield>
            <subfield code="h">Siemens Aktiengesellschaft</subfield>
            <subfield code="9">(DE-588)2114358-4</subfield>
          </datafield>
          <datafield tag="PSW" ind1="-" ind2="1">
            <subfield code="k">Akcionernoe Obščestvo Simens</subfield>
            <subfield code="9">(DE-588)2114358-4</subfield>
          </datafield>
          <datafield tag="PSW" ind1="-" ind2="1">
            <subfield code="k">Siemens-Aktiengesellschaft</subfield>
            <subfield code="9">(DE-588)2114358-4</subfield>
          </datafield>
          <datafield tag="PSW" ind1="-" ind2="1">
            <subfield code="k">Daimler Chrysler AG</subfield>
            <subfield code="9">(DE-588)2178010-9</subfield>
          </datafield>
          <datafield tag="PSW" ind1="-" ind2="1">
            <subfield code="k">DaimlerChrysler-Konzernzentrale</subfield>
            <subfield code="9">(DE-588)2178010-9</subfield>
          </datafield>
          <datafield tag="PSW" ind1="-" ind2="1">
            <subfield code="k">Henkel und Cie</subfield>
            <subfield code="9">(DE-588)42875-9</subfield>
          </datafield>
          <datafield tag="PSW" ind1="-" ind2="1">
            <subfield code="k">Henkel</subfield>
            <subfield code="h">Firma</subfield>
            <subfield code="9">(DE-588)42875-9</subfield>
          </datafield>
          <datafield tag="PSW" ind1="-" ind2="1">
            <subfield code="k">Henkel-Werk</subfield>
            <subfield code="9">(DE-588)42875-9</subfield>
          </datafield>
          <datafield tag="PSW" ind1="-" ind2="1">
            <subfield code="k">Henkel und Cie</subfield>
            <subfield code="9">(DE-588)42875-9</subfield>
          </datafield>
          <datafield tag="PSW" ind1="-" ind2="1">
            <subfield code="k">Henkel</subfield>
            <subfield code="h">Firma</subfield>
            <subfield code="9">(DE-588)42875-9</subfield>
          </datafield>
          <datafield tag="PSW" ind1="-" ind2="1">
            <subfield code="k">Henkel-Werk</subfield>
            <subfield code="9">(DE-588)42875-9</subfield>
          </datafield>
          <datafield tag="PSW" ind1="-" ind2="1">
            <subfield code="k">Henkel und Cie</subfield>
            <subfield code="9">(DE-588)42875-9</subfield>
          </datafield>
          <datafield tag="PSW" ind1="-" ind2="1">
            <subfield code="k">Henkel</subfield>
            <subfield code="h">Firma</subfield>
            <subfield code="9">(DE-588)42875-9</subfield>
          </datafield>
          <datafield tag="PSW" ind1="-" ind2="1">
            <subfield code="k">Henkel-Werk</subfield>
            <subfield code="9">(DE-588)42875-9</subfield>
          </datafield>
          <datafield tag="700" ind1=" " ind2=" ">
            <subfield code="a">LPWP</subfield>
          </datafield>
          <datafield tag="OWN" ind1=" " ind2=" ">
            <subfield code="a">P0001</subfield>
            <subfield code="n">466 - Paderborn: UB</subfield>
          </datafield>
          <datafield tag="655" ind1=" " ind2=" ">
            <subfield code="y">"Amerikanisierung" deutscher Unternehmen</subfield>
            <subfield code="t">VIEW</subfield>
            <subfield code="u">http://digitool.hbz-nrw.de:1801/webclient/DeliveryManager?application=DIGITOOL-3&amp;owner=resourcediscovery&amp;custom_att_2=simple_viewer&amp;user=GUEST&amp;pid=2147219</subfield>
          </datafield>
          <datafield tag="TXT" ind1=" " ind2=" ">
            <subfield code="a">OCR-TEXT: INHALTSVERZEICHNIS I EINLEITUNG 9 1 HINFHRUNG, FRAGESTELLUNG UND THEMENABGRENZUNG 9 2 QUELLENLAGE UND FORSCHUNGSSTAND 13 3 GANG DER UNTERSUCHUNG 26 II AMERIKANISIERUNGSDEBATTEN IN DER DEUTSCHEN POLITIK, WIRTSCHAFT UND GESELLSCHAFT SEIT DEM AUSGEHENDEN 19. JAHRHUNDERT 28 III INSTRUMENTE DES KNOW-HOW-TRANSFERS 33 1 US-REISEAUFENTHALTE 33 2 LIZENZVERTRGE UND KOOPERATIONEN 34 3 US-AUSLANDSGESELLSCHAFTEN 38 3.1 DIE ANFANGE DES US-AUSLANDSGESCHFTES NACH DEM ZWEITEN WELTKRIEG 38 3.2 ZUR ORGANISATION DES US-GESCHFTES BEI SIEMENS, DAIMLER-BENZ UND HENKEL 43 4 UNTERNEHMENSBERATUNGEN 53 5 US-MITBEWERBER AUF DEN INLANDSMRKTEN 56 IV DIE AMERIKANISIERUNG" VON PRODUKTSEKTOREN 58 1 INVESTITIONSGTER 58 1.1 KONVENTIONELLE UND ATOMARE KRAFTWERKTECHNIK 58 1.1.1 DER WIEDERAUFBAU DES KONVENTIONELLEN KRAFTWERKGESCHFTES BEI SIEMENS NACH DEM ZWEITEN WELTKRIEG 58 1.1.2 DIE GRNDUNG VON GEMEINSCHAFTSUNTERNEHMEN ZUR EXPANSION DES KRAFTWERKGESCHFTES 61 1.1.3 DIE ZIVILE NUTZUNG VON KERNENERGIE IN DEN USA UND IHRE IMPULSE FR DIE BUNDESDEUTSCHE ENERGIEWIRTSCHAFT 64 1.1.4 US-KNOW-HOW UND DIE ENTWICKLUNG DES ATOMAREN KRAFTWERK BAUES BEI SIEMENS 66 1.1.5 TECHNOLOGIE-TRANSFER UND FINANZIERUNGSHILFE - UNTERNEHMENS- KOOPERATIONEN IM KERNKRAFTMARKT DER 1970ER JAHRE 69 1.2 MIKROELEKTRONIK 73 1.2.1 US-KNOW-HOW UND DIE ENTWICKLUNG DER HALBLEITERTECHNIK 74 1.2.2 DER HALBLEITERVERTRAG" MIT WESTINGHOUSE ALS GRUNDLAGE DER SIEMENS-MIKROELEKTRONIK 75 1.2.3 DIE ENTSTEHUNG DES MARKTES FR COMPUTER IN DEN USA 76 6 INHALTSVERZEICHNIS 1.2.4 VON DER AMERIKANISIERUNG ZUR GEGENAMERIKANISIERUNG" - AUFBAU UND ENTWICKLUNG DES ELEKTRONISCHEN RECHNERGESCHFTES BEI SIEMENS 77 1.3 MEDIZINTECHNIK 87 1.3.1 DIE ENTSTEHUNG DES MODERNEN MARKTES FR MEDIZINTECHNIK NACH DEM ZWEITEN WELTKRIEG 87 1.3.2 DIE ENTWICKLUNG DER SIEMENS-MEDIZINTECHNIK 88 1.3.3 IMPULSE DES US-MARKTES AUF DAS MEDIZIN-GESCHFT VON SIEMENS 90 1.4 NUTZFAHRZEUGE UND TRIEBWERKE 93 1.4.1 ZUM EINFLUSS DES US-MARKTES AUF DIE PRODUKTPOLITIK</subfield>
          </datafield>
          <datafield tag="TXT" ind1=" " ind2=" ">
            <subfield code="a">VON DAIMLER-BENZ IM NUTZFAHRZEUG- UND MOTORENSEGMENT 93 1.4.2 ZUM VERHLTNIS VON STAAT UND AMERIKANISIERUNG" IM GROMOTOREN- UND LUFTTRIEBWERKGESCHFT VON DAIMLER-BENZ 98 2 KONSUMGTER 105 2.1 PKW 105 2.1.1 ZUR STRUKTUR DES US-MARKTES FR PKW 105 2.1.2 ZUM WIEDERAUFBAU DES PKW-GESCHFTES VON DAIMLER-BENZ NACH DEM ZWEITEN WELTKRIEG UNTER BESONDERER BERCKSICHTIGUNG DES US-MARKTES 106 2.1.3 US-IMPULSE AUF DIE PRODUKTPOLITIK VON DAIMLER-BENZ IM PKW-SEGMENT 107 2.2 HAUSHALTSGERTE 134 2.2.1 ZUR ENTWICKLUNG DER HAUSHALTSELEKTRIFIZIERUNG IN DEN USA UND IN WESTDEUTSCHLAND 134 2.2.2 ZUR ENTWICKLUNG DES HAUSGERTE-GESCHFTES BEI SIEMENS 136 2.3 WASCH-UND REINIGUNGSMITTEL 140 2.3.1 DIE WETTBEWERBSSITUATION IN DER EUROPISCHEN WASCH- UND REINIGUNGSMITTELINDUSTRIE NACH DEM ZWEITEN WELTKRIEG 140 2.3.2 INNOVATIVE REZEPTUREN UND ME TOO-PRODUKTE" - EINFLSSE DER US-PRODUKTPOLITIK IM WASCH- UND REINIGUNGSMITTEL-SEGMENT VON HENKEL 142 2.4 KOSMETIK-UND KRPERPFLEGEPRODUKTE 151 2.4.1 DIE ENTSTEHUNG DES MARKTES FR KOSMETIK- UND KRPERPFLEGE PRODUKTE IN DEN USA UND SEINE AUSWIRKUNGEN AUF DIE BILDUNG EINES BUNDESDEUTSCHEN MARKTSEGMENTS 151 2.4.2 DER AUFBAU DES KOSMETIK- UND KRPERPFLEGEGESCHFTES BEI HENKEL 152 2.4.3 DIE AUSWEITUNG DES KOSMETIK- UND KRPERPFLEGEPORTFOLIOS DURCH LIZENZABKOMMEN MIT US-FIRMEN 153 2.4.4 DER AUFBAU EINES BREITEN ENGAGEMENTS IM KRPERPFLEGEBEREICH MIT ME TOO-PRODUKTEN" 159 3 ZWISCHENERGEBNIS 166 INHALTSVERZEICHNIS 7 V ZUR AMERIKANISIERUNG" DER UNTERNEHMENSFIIHRUNG 169 1 PRODUKTION 169 1.1 US-AMERIKANISCHE PRODUKTIVITTSKONZEPTE UND DEUTSCHE FERTIGUNGSTRADITIONEN 170 1.2 ECONOMIES OF SCALE 173 1.3 DIE DURCHSETZUNG VON AUTOMATISIERUNGSMANAHMEN IN DEUTSCHEN PRODUKTIONSBETRIEBEN 178 1.4 METHODEN DER WISSENSCHAFTLICHEN UNTERNEHMENSFHRUNG: OPERATIONS RESEARCH UND INDUSTRIAL ENGINEERING 181 2 ABSATZMARKETING 183 2.1 DIE GRUNDLAGEN DES US-ABSATZMARKETING 183 2.2 ZUR ADAPTION VON US-MARKETING-TECHNIKEN IN DEUTSCHEN UNTERNEHMEN 184</subfield>
          </datafield>
          <datafield tag="TXT" ind1=" " ind2=" ">
            <subfield code="a">2.3 REORGANISATIONSMANAHMEN IM ABSATZBEREICH: DIE ERRICHTUNG VON MARKETINGRESSORTS UND PRODUKTMANAGEMENTS 186 2.4 BENCHMARKING DURCH MARKT- UND WETTBEWERBSBEOBACHTUNG 187 2.5 PRODUKT- UND SORTIMENTSPOLITIK: VON DER ,PLANNED OBSOLESCENCE'ZUR ZEITLOSEN MODELLPOLITIK 190 2.6 PREIS-UND KONDITIONENPOLITIK 195 2.7 ABSATZWERBUNG 202 2.7.1 WERBEINHALTE 203 2.7.2 WERBEMEDIEN 207 2.7.3 WERBEAUFWAND 210 3 ORGANISATION 212 3.1 DIE MULTIDIVISIONALE STRUKTUR ALS AMERICAN MODEL" FR DIE DEUTSCHE UNTERNEHMENSORGANISATION 212 3.2 DIE REZEPTION AMERIKANISCHER ORGANISATIONSMODELLE BEI SIEMENS, DAIMLER-BENZ UND HENKEL 214 3.3 DIE VERNDERUNG DER LEITUNGSSTRUKTUREN 222 4 RECHNUNGSWESEN 224 4.1 DIE GRUNDLAGEN DES MODERNEN RECHNUNGSWESENS 224 4.2 AMERIKANISCHE CONTROLLING-KONZEPTE IN WESTDEUTSCHEN UNTERNEHMEN 226 4.3 DIE ADAPTION DES PROFIT CENTER-MODELLS IN BUNDESDEUTSCHEN UNTERNEHMEN 229 4.4 DIE IMPLEMENTIERUNG DER STRATEGISCHEN UNTERNEHMENSPLANUNG IN DEUTSCHEN UNTERNEHMEN 230 4.5 DIE ELEKTRIFIZIERUNG DER INFORMATIONS- UND DATENVERARBEITUNG ... 237 5 PERSONAL 240 5.1 ZUR ENTWICKLUNG PERSONALPOLITISCHER MODELLE IN DEN USA 240 5.2 DAS PERSONALMANAGEMENT AMERIKANISCHER UNTERNEHMEN UND SEINE REZEPTION IN DER BUNDESDEUTSCHEN INDUSTRIE 242 5.2.1 DIE RATIONALISIERUNG DER PERSONALVERWALTUNG 243 8 INHALTSVERZEICHNIS 5.2.2 HUMAN RELATIONS DIE HUMANISIERUNG DER ARBEITSWELT IN DEUTSCHEN BETRIEBEN 244 5.2.3 PERSONALFIIHRUNG: VON DER DEHIERARCHISIERUNG ZUM KOOPERATIVEN FHRUNGSSTIL 248 5.2.4 DIE PROFESSIONALISIERUNG DES UNTERNEHMERS - PERSONALENTWICKLUNGSMANAHMEN IM FHRUNGSKRFTEBEREICH 254 6 UNTERNEHMENSKOMMUNIKATION 259 6.1 FFENTLICHKEITSARBEIT 259 6.1.1 GRUNDLAGEN DER AMERIKANISCHEN PUBLIC RELATIONS 259 6.1.2 OPEN DOOR"-POLITIK IN DEUTSCHEN UNTERNEHMEN - DIE LIBERALISIERUNG DER INFORMATIONSPOLITIK 261 6.1.3 ZIELGRUPPENORIENTIERTE FFENTLICHKEITSARBEIT 266 6.2 CREATING A CORPORATE IDENTITY?" - IDENTITTSFINDUNG UND IMAGEWERBUNG DEUTSCHER UNTERNEHMEN NACH DEM ZWEITEN WELTKRIEG 270</subfield>
          </datafield>
          <datafield tag="TXT" ind1=" " ind2=" ">
            <subfield code="a">7 ZWISCHENERGEBNIS 278 VI SCHLUSSBETRACHTUNG 280 ANHANG 288 QUELLEN- UND LITERATURVERZEICHNIS 288 VERZEICHNIS DER TABELLEN, ABBILDUNGEN UND GRAPHIKEN 311 ABKRZUNGSVERZEICHNIS 312</subfield>
          </datafield>
          <datafield tag="PLK" ind1=" " ind2=" ">
            <subfield code="a">SRU</subfield>
            <subfield code="l">PAD01</subfield>
            <subfield code="b">000210083</subfield>
            <subfield code="m">173.^"Amerikanisierung" deutscher Unternehmen.^2004</subfield>
            <subfield code="n">Vierteljahrschrift für Sozial- und Wirtschaftsgeschichte / Beihefte.^1923</subfield>
          </datafield>
          <datafield tag="LOC" ind1=" " ind2=" ">
            <subfield code="m">BOOK</subfield>
            <subfield code="a">P0001</subfield>
            <subfield code="b">31</subfield>
            <subfield code="d">LPWP1042</subfield>
            <subfield code="i">07/3365</subfield>
            <subfield code="n">20</subfield>
            <subfield code="k">20070419</subfield>
            <subfield code="5">975792-10</subfield>
          </datafield>
        </record>
      </metadata>
    </record>
  </ListRecords>
</OAI-PMH>
